1950 3617
213 187 571 266 AraralX.
667 216 736 290 249

82 302 161 366 talita
180 305 227 370 eli
251 307 326 370 Suus
359 310 460 391 cuique
488 311 599 370 animus
623 329 851 370 memora-s

82 383 222 464 mominis
242 390 409 451 adhortator
426 390 530 451 aderat.
552 388 671 451 Vadunt
688 392 739 473 igi·
748 388 847 480 &⁴32⁴

84 476 117 524 tu
132 469 158 525 iu
174 471 306 549 proelium
329 488 460 551 urgentes
479 468 627 551 signiferos
644 493 654 545 ;
674 472 737 547 δι,
789 451 812 491 '³

83 563 110 604 m
120 567 189 608 mora
198 552 227 608 in
236 548 375 611 concursu
390 550 454 630 pilis
466 551 644 623 emittendis,
657 548 737 611 strin·

79 626 165 763 pendis
198 630 302 690 einde
324 630 443 711 gladiis,
456 628 543 703 effet,
562 631 640 710 pila,
655 631 736 693 velut

96 721 158 768 atoa
190 710 219 769 id
230 709 333 791 signo,
346 708 500 789 abjiciunt,
514 708 667 793 strillisque
701 711 737 771 la·

80 785 123 848 diis
137 789 212 852 cursu
230 792 262 850 in
281 789 394 850 hostem
414 789 550 851 femntur.
572 789 653 850 Nihil
678 794 687 852 i
711 794 739 853 'e

80 866 247 949 imperatoriae
259 872 325 928 artis
342 869 487 930 ordinibus
497 887 545 928 aut
556 868 683 930 sublidiis
695 872 739 932 lo-

83 949 156 1009 ollis
168 949 222 1010 fuit
240 972 249 1011 a
268 951 364 1010 omnia
380 954 422 1009 ira
433 949 558 1009 militaris
572 952 664 1033 prope
686 972 738 1011 ve-

85 1023 179 1090 leuoim
202 1048 254 1091 etu
274 1032 340 1110 egit.
367 1028 466 1111 ltaque
487 1051 547 1089 non
572 1029 741 1092 fulmodo

82 1102 153 1172 heles
169 1053 234 1170 ἑοῖ
247 1155 258 1183 ,
275 1108 324 1169 sed
338 1129 376 1169 ne
397 1108 492 1169 castris
503 1109 621 1191 quidem
631 1108 687 1170 suis
699 1109 742 1171 fu·

78 1204 128 1268 gam
141 1193 179 1249 im
201 1191 283 1251 edire
300 1188 374 1263 aufi,
390 1189 529 1270 Apuliam
548 1188 669 1271 diffipati
686 1211 740 1271 pe·

76 1269 156 1344 tiere3
218 1272 325 1330 ceriam
345 1287 459 1343 tamen,
476 1269 574 1329 εοιᾶο
594 1267 686 1330 rursus
708 1273 740 1331 in

73 1368 148 1409 unum
156 1353 271 1433 agmine
279 1393 288 1422 ,
297 1348 337 1409 est
348 1366 528 1431 perventum.
538 1348 686 1410 Romanos
699 1352 741 1417 ira

73 1429 178 1502 eadem,
194 1452 262 1512 quae
276 1450 328 1510 per
349 1429 476 1489 mediam
501 1430 591 1487 aciem
615 1428 741 1494 hostium

71 1509 179 1584 tulerat,
187 1513 221 1572 &
232 1513 262 1570 in
272 1507 357 1568 castra
366 1509 482 1590 pertulit
493 1528 500 1566 :
513 1508 552 1567 ibi
584 1509 626 1567 lus
634 1552 644 1581 ,
653 1510 740 1590 quim

71 1589 187 1666 inscie,
208 1589 349 1672 sanguinis
367 1611 400 1648 ac
417 1586 548 1648 caedisfa
574 1610 642 1662 um,
666 1612 742 1670 prae·

71 1668 161 1752 deque
182 1691 248 1752 pars
263 1667 356 1747 major
371 1669 414 1728 irai
431 1686 573 1749 corrupta.
594 1667 741 1729 Exercitus

71 1748 132 1809 alter
149 1772 217 1810 cum
235 1750 348 1831 Papirio
370 1747 486 1812 consule
504 1748 576 1808 locis
594 1752 741 1814 maritimis

70 1846 231 1909 pervenerat
245 1828 343 1910 Arpos
355 1850 407 1910 per
423 1829 520 1888 omnia
535 1847 653 1909 pacata,
666 1828 742 1888 Sam·

70 1911 163 1971 uitium
181 1912 271 1994 magis
288 1906 398 1989 injuriis
421 1909 454 1968 &
472 1909 564 1980 odio,
584 1910 670 1990 quam
689 1910 743 1969 be·

69 1988 167 2050 neficio
186 1989 250 2054 ullo'
269 2011 308 2071 po
330 1990 370 2049 uli
386 1988 520 2049 Romani.
537 1987 614 2047 Nam
632 1987 745 2047 Samni-

71 2083 128 2142 tes,
149 2069 184 2130 eis
204 2011 374 2151 tempellate
402 2071 432 2127 in
452 2069 598 2128 montibus
625 2070 743 2128 vicatim

70 2148 238 2223 habitantes,
258 2147 424 2229 campestria
444 2152 476 2209 ὃ(
495 2150 635 2207 maritima
659 2148 743 2222 loca,

71 2247 180 2289 contem
202 2248 233 2291 to
248 2230 392 2290 cultorum
412 2228 568 2303 molliore,
586 2243 690 2308 atque,
711 2246 744 2290 ut

72 2312 165 2370 evenit
175 2253 255 2383 lire,
271 2310 343 2369 locis
358 2308 441 2368 simili
457 2329 561 2390 genere
574 2351 584 2380 ‚
596 2306 649 2388 ipfi
660 2329 744 2368 mon«

71 2392 125 2448 tani
146 2407 228 2471 atque
248 2387 369 2472 agrestes
391 2388 660 2526 depopulabantur:
679 2410 743 2469 quae

70 2470 148 2550 regio
166 2469 185 2528 sr
204 2469 261 2530 fida
279 2468 449 2529 Samnitibus
498 2465 631 2541 illet,aut
642 2488 745 2547 perve-

72 2550 130 2608 nite
149 2548 244 2631 Arpos
263 2551 401 2609 exercitus
421 2548 569 2608 Romanus
587 2546 744 2627 nequillet,

72 2645 118 2686 aut
133 2628 277 2710 interjelia
296 2632 368 2688 inter
382 2628 507 2688 Romam
521 2630 553 2689 &
565 2627 680 2706 Arpos,
694 2648 746 2707 pe-

74 2707 152 2766 nuriai
168 2730 261 2769 rerum
277 2711 426 2781 omnium,
437 2707 746 2771 exclusosacommea-

75 2786 145 2872 spus
161 2788 357 2873 eblumpfiffet.
369 2787 447 2854 Tum
466 2807 588 2929 quoipuz
601 2784 746 2868 profe6los
