1950 3617
245 228 314 301 206
441 228 477 301 T.
527 228 736 301 [ινιτ

133 354 230 400 ἘΞ
243 346 412 430 populando
430 365 514 429 atque
534 347 644 408 urendo
659 346 733 407 tesia
745 339 872 405 hostium
886 333 922 400 sa·

137 421 235 517 Effig-
245 446 347 509 taque,
369 431 398 488 in
419 430 510 489 aciem
529 431 638 488 invitos
662 429 809 499 extraxit3
832 427 864 485 dt
886 424 921 481 io

180 487 201 526 '³
230 500 352 593 'proelio
367 530 426 569 uno
446 509 549 568 accidit
561 508 746 568 Vestinorum
764 527 810 565 res
822 502 924 586 (haud

248 611 390 673 quaquam
403 606 499 649 tamen
517 592 665 649 incruento
687 589 780 648 milite
796 581 877 665 suo)
896 597 924 640 ut

248 673 346 732 nonin
360 668 447 731 castra
457 669 549 730 soiittn
559 668 722 750 refugerent
733 666 851 738 hostes,
861 663 922 735 sed,

248 749 308 812 ‘am
321 770 357 809 ne
378 750 455 811 vallo
473 750 591 832 quidem
607 772 639 809 ac
658 747 736 809 foffis
752 747 842 818 freti,
865 743 923 804 diia-

248 774 383 891 iterentur
393 833 423 889 in
440 853 458 891 o
480 832 566 912 pida‚
580 829 632 889 situ
645 830 760 889 urbium
778 821 919 888 moenibus

249 932 307 993 que
323 909 352 970 se
371 853 521 971 deseniitri.
537 909 703 983 Postremo,
724 909 838 990 oppida
859 927 919 987 quo·

250 1011 307 1073 que
322 993 354 1052 vi
364 1011 526 1073 expugnare
541 991 672 1063 adortus,
687 992 786 1071 primo
796 988 920 1049 Cutinam

249 1072 359 1153 ingenti
385 1072 486 1131 ardore
504 1072 626 1134 militurn
649 1091 680 1130 ac
694 1071 852 1129 vulnerum
868 1070 924 1137 id,

251 1152 330 1233 quod
350 1152 425 1211 haud
444 1150 504 1211 sere
521 1151 667 1234 quisquam
694 1153 807 1233 integer
827 1150 923 1232 proelio

240 1230 418 1304 excesserat,
433 1231 512 1291 scalis
526 1253 559 1292 ce
580 1236 603 1291 it
615 1255 625 1306 3
637 1231 742 1291 deinde
758 1229 921 1313 Cingiliam:

242 1311 547 1394 utriusqueurbisprae
568 1312 870 1393 ammilitibus‚quod
880 1330 923 1369 eos
951 1369 952 1372 ,

244 1412 346 1473 tneque
361 1409 471 1473 portae,
485 1414 580 1475 neque
600 1394 673 1451 muri
691 1390 818 1452 hostium
838 1410 923 1451 arcue-
951 1441 952 1472 p

243 1490 330 1545 rant,
343 1471 485 1533 concessit.
951 1477 952 1506 ³

292 1552 388 1613 XXX.
404 1553 438 1613 In
455 1552 602 1613 Samnium
615 1554 731 1611 incertis
749 1554 823 1612 itum
843 1550 923 1632 auspi·
951 1571 952 1580 ¹

252 1635 304 1694 ciis
318 1632 359 1693 est
371 1655 381 1707 ;
392 1632 472 1714 cujus
481 1637 524 1693 rei
536 1635 640 1693 vitium
651 1654 710 1692 non
721 1635 752 1692 in
762 1633 834 1693 belli
845 1651 921 1692 even

253 1730 335 1785 turn,
351 1715 430 1795 quod
442 1714 578 1795 prospere
593 1712 702 1796 gestum
714 1709 773 1787 est,
785 1713 835 1774 sed
851 1718 879 1772 in
887 1732 922 1770 ra-
951 1721 952 1724 ’

251 1792 330 1853 bienr
346 1811 430 1875 atque
445 1798 499 1853 iras
515 1797 720 1876 imperatorum
730 1797 828 1855 vertit.
840 1793 919 1854 Nant-
951 1797 952 1872 i

253 1894 309 1955 que
325 1873 451 1955 Papirius
466 1874 603 1950 disiator,
615 1897 631 1933 a
643 1875 765 1955 pullario
783 1877 918 1945 monitus,
951 1875 952 1946 i

243 1971 341 2036 »quum
358 1954 394 2013 ad
416 1954 571 2035 auspicium
592 1954 781 2035 repetendum
803 1955 916 2017 Romam
951 1977 952 2008 ι

250 2031 474 2116 profieisceretur
493 2081 503 2109 ‚
526 2034 659 2116 magistro
677 2037 805 2116 equiturn
822 2037 917 2096 denun-
951 2051 952 2106 ᾗ

222 2152 223 2155 =
246 2117 350 2190 -tiavit,
361 2132 392 2175 ut
408 2113 465 2175 sese
477 2115 545 2175 loco
560 2132 686 2189 teneret,
702 2136 759 2174 neu
778 2111 917 2175 absentese
951 2131 952 2162 t

106 2207 107 2210 ’
141 2192 243 2283 Μ’Ξζὶῖξ
253 2217 318 2256 curn
328 2194 408 2255 hoste
419 2217 536 2255 manum
547 2194 717 2255 consereret.
729 2195 829 2255 Fabius
839 2211 915 2277 qutun

140 2269 232 2341 seirent«
251 2275 316 2358 post
334 2276 541 2359 professionem
550 2275 693 2335 disiatoris
702 2296 755 2357 per
768 2278 916 2358 explorato-
951 2273 952 2340 ᾖ

142 2351 236 2425 ἶῖζῗῖιῆι
251 2378 296 2416 res
307 2355 486 2438 comperisset
498 2402 507 2429 ‚
517 2357 636 2438 perinde
648 2359 745 2415 omnia
754 2356 841 2417 soluta
849 2352 914 2436 apud
951 2389 952 2418 r

141 2436 199 2485 W·
250 2435 367 2511 hostes,
384 2459 416 2496 ac
437 2436 459 2496 fi
479 2457 567 2497 netno
588 2436 737 2497 Romanus
763 2440 793 2496 in
809 2435 912 2496 Samnio
951 2431 952 2470 Ψ

251 2515 319 2576 esset
337 2516 407 2591 3seu
426 2516 510 2577 ferox
525 2516 689 2577 adolescens
703 2518 865 2600 indignitate
879 2531 913 2572 at·
951 2529 952 2574 ἶ

249 2594 372 2670 census,
392 2598 471 2677 quod
489 2600 585 2658 omnia
602 2599 631 2655 in
644 2596 780 2658 didatore
796 2598 912 2658 videren
951 2595 952 2624 ³

248 2692 297 2735 tur
315 2676 437 2759 repofita
454 2677 508 2738 effe
526 2702 535 2753 3
551 2677 599 2737 seu
617 2676 766 2738 occasione
782 2679 853 2738 bene
868 2693 911 2756 ge·

247 2756 346 2816 rendae
363 2758 404 2818 rei
423 2757 574 2833 indutias,
589 2761 714 2818 exercitu
728 2757 856 2818 instrutio
870 2774 911 2835 pa·

247 2847 369 2920 ratoque
387 2837 532 2921 professus
544 2839 584 2927 -ad
598 2837 767 2903 Imbrinium
782 2838 845 2923 (ita
863 2854 912 2906 vet
