1950 3617
178 228 399 300 Irurn
458 222 601 298 VIII.
661 244 727 324 203

62 339 164 422 iujuriae
179 347 269 429 magis
279 392 288 420 ‚
300 346 388 427 quum
404 344 485 421 doli,
502 366 562 426 prae
581 342 608 407 se
626 342 732 420 ferret3
746 367 845 405 nm

60 428 186 486 concitati
203 428 337 487 homines
348 443 454 509 cogunt
465 427 591 487 clamore
609 425 658 487 suo
672 446 732 486 ma·
745 430 845 519 25⁴3<st

54 503 179 644 ,matus
199 507 328 567 senatum
346 528 451 567 vocare
467 530 474 568 ε
492 509 523 569 &
534 507 601 581 alii,
614 508 734 568 circum·
769 489 834 531 ’Ἠ

124 607 153 646 es
164 586 318 648 confilium
330 632 339 662 ,
350 588 459 647 bellum
472 590 502 647 in
513 587 660 648 Romanos
669 587 734 671 pos·

59 682 120 724 tunt
135 689 144 741 ;
159 668 208 727 alii
221 670 260 729 ad
276 668 474 729 concitandam
491 671 520 727 in
538 689 614 727 arma
635 670 734 729 multi·
760 707 765 726 1

59 744 177 807 tudinem
192 747 349 832 agrestium
367 747 524 810 discurrunt
535 770 544 821 3
555 750 733 831 tumultuque

60 826 135 885 etiam
151 826 237 890 sanos
257 828 454 889 consternante
477 831 613 902 animos,
636 830 734 890 decer·

62 907 127 965 uitur
144 927 175 967 ut
195 909 319 971 societas
340 930 406 969 cum
428 908 598 969 Samnitibus
615 930 736 970 renova·

66 1001 153 1061 tetur3
174 990 324 1073 legatique
349 990 470 1049 adeam
496 1011 556 1050 rem
579 993 734 1052 mittuntur.

70 1060 212 1146 Repentina
229 1092 277 1130 res
298 1071 365 1151 quia
380 1071 466 1151 qulm
484 1069 593 1131 causam
609 1071 735 1145 nullam,

69 1157 113 1203 tarn
126 1169 159 1209 ne
187 1149 284 1211 fidem
323 1150 420 1210 uidem
440 1150 587 1225 habebat,
607 1150 697 1211 coaeti
719 1169 736 1212 a

64 1218 224 1291 Samnitibus
238 1235 272 1294 &
289 1172 403 1290 obsides
418 1232 504 1303 dare,
516 1230 694 1312 &praestdia
707 1233 736 1289 in

61 1302 116 1364 lota
130 1315 250 1372 munita·
260 1314 391 1393 accipere
401 1335 415 1385 ‚¹
430 1315 499 1371 caeci
517 1312 613 1370 fraude
636 1314 668 1373 &
694 1312 736 1370 ira

60 1386 122 1446 nihil
144 1391 319 1452 recusarunt.
350 1391 488 1452 Dilucere
518 1392 622 1451 deinde
653 1392 737 1453 brevl

60 1462 125 1526 fraus
142 1477 257 1554 erepit,
272 1470 424 1554 postquam
438 1474 589 1531 criminum
602 1470 736 1531 falsontm

62 1547 182 1611 aullores
214 1552 375 1612 Tarentum
400 1554 625 1635 commigravere
649 1574 658 1627 ;
687 1551 737 1611 sed

61 1626 149 1689 initu
165 1636 249 1694 omni
267 1633 304 1692 de
324 1631 353 1692 se
371 1631 529 1714 potestate,
550 1632 621 1691 nihil
643 1633 737 1707 ultra,

63 1708 141 1787 quim
154 1732 188 1775 ut
258 1716 361 1773 niteret
375 1711 493 1786 frustra,
508 1711 635 1772 restabat.

98 1788 197 1855 XXVI
215 1794 239 1855 l.
257 1793 302 1854 Eo
321 1814 396 1854 anno
410 1794 488 1875 plebi
506 1793 644 1854 Romanae
657 1794 739 1856 velut
807 1799 809 1803 “

63 1866 131 1930 aliud
148 1876 264 1935 initium
288 1875 423 1935 libertatis
446 1873 551 1934 saelum
575 1874 637 1949 est,
659 1874 740 1958 qubd

66 1950 132 2011 nelli
159 1955 304 2016 desierunt
321 1977 328 2015 :
346 1971 485 2014 mutatum
509 1972 603 2015 autem
632 1954 676 2036 jus
699 1955 739 2015 ob

65 2032 140 2092 unius
154 2034 337 2096 foeneratoris
360 2033 441 2095 simul
463 2036 637 2109 libidinem,
657 2033 755 2110 simul)

67 2113 255 2177 crudelitatem
274 2114 325 2175 inst
346 2137 422 2175 nem.
437 2115 470 2176 L.
492 2116 618 2197 Papirius
632 2119 656 2173 is
670 2114 737 2180 fuitt
756 2107 851 2175 ‘naun

68 2193 108 2270 tbi
127 2215 216 2279 quum
233 2195 262 2257 se
280 2195 317 2258 C.
360 2196 473 2256 ublillus
495 2196 535 2256 ob
559 2218 597 2254 aes
615 2196 739 2255 alienum
749 2174 850 2272 llelL-

66 2287 209 2347 paternum
226 2298 334 2338 nexum
353 2273 492 2350 dedisset,
514 2299 577 2359 quae
593 2294 659 2336 aetas
681 2275 740 2338 fot·
750 2273 852 2311 ‘stum‘

70 2365 163 2494 ff
189 2357 413 2418 misericordiam
432 2358 540 2453 elicere·
554 2373 681 2439 poterat,
704 2358 741 2419 ad

134 2438 211 2499 inem
227 2440 261 2500 &
278 2438 482 2499 contumeliam
498 2460 623 2498 nmmum
640 2460 752 2500 accen·-

71 2507 164 2577 letunt
181 2521 239 2593 3&
260 2519 362 2579 florem
378 2522 466 2579 aetatis
481 2517 543 2600 ejus
555 2518 674 2579 fruelum
694 2521 742 2581 ad-

72 2599 215 2660 ventitium
240 2600 340 2660 crediti
366 2617 462 2672 ratus,
487 2601 582 2681 primb
603 2601 742 2682 perlicere

73 2673 274 2741 &dulescentem
291 2679 422 2740 sermone
433 2678 541 2740 incesto
557 2678 598 2739 est
609 2697 725 2741 conatus
731 2702 743 2757 ;

75 2750 132 2817 ltin
140 2805 151 2833 ,
160 2758 310 2845 postquam
318 2760 535 2843 aspernabantur
547 2762 684 2842 flagitium
696 2783 744 2822 au-

78 2843 132 2915 ¹²⁸,
148 2843 233 2905 ntinit
252 2843 399 2920 territare,
416 2859 502 2925 atque
517 2841 679 2980 {denudem
691 2841 742 2903 ade

551 2942 581 3000 vl
