1950 3617
240 184 459 255 Lraan
516 183 566 253 X.
677 202 742 281 325

63 286 128 351 bunt
142 316 151 353 z
170 292 332 360 Samnitem
343 346 352 374 ,
364 300 520 360 multorum
539 319 679 359 annorum
689 300 746 359 cla·
759 303 859 352 ιε’

61 369 144 433 dibus
166 378 335 453 domitum,
353 380 513 440 hauddum
534 378 651 439 soederis
675 381 747 442 novi
757 374 866 473 Em

60 457 235 531 poenitebat.
246 460 350 521 Romae
361 481 477 542 quoque
489 459 607 542 plebem
622 460 747 542 quietam

63 532 300 600 &exoneratam
315 539 435 601 deducta
450 542 480 600 in
503 541 630 602 colonias
650 541 748 601 multi·

63 614 129 675 tudo
145 620 310 697 praestabat.
329 619 461 692 Tamen,
475 641 512 680 ne
531 621 656 701 undique
673 637 747 680 tran-
760 620 860 709 2⁶2⁶&

61 695 156 773 quillae
173 720 222 760 res
239 699 348 775 essent,
364 717 508 762 certamen
523 699 658 779 injeslum
673 703 746 761 inter
760 686 858 776 cattuso

62 776 207 853 primores
226 783 367 853 civitatis,
386 781 520 861 patricios
536 778 722 863 plebeiosque
736 768 860 863 ,Ξῗῗζζῖζξ

63 853 96 911 ab
113 859 241 927 tribunis
269 861 361 942 plebis
389 860 432 939 Q.
452 863 484 921 δι
500 859 556 922 Cu.
578 859 713 943 Ogulniis
738 865 830 935 3³⁰&-

64 936 130 1014 qui,
144 940 531 1022 undique‘criminandorum
548 940 661 1000 Patrum
671 942 750 1022 apud

63 1014 181 1093 plebem
207 1020 403 1081 occasionibus
434 1019 576 1102 quaesitis,
597 1019 748 1102 postquam

63 1094 114 1154 alia
133 1096 239 1161 frustra
264 1118 370 1162 tentata
388 1118 489 1174 erant,
513 1121 576 1160 eam
604 1099 746 1160 adiuuem

66 1170 268 1260 susceperunt,
281 1182 337 1262 qui
353 1202 412 1241 non
423 1179 551 1240 infimam
570 1178 686 1260 plebem
699 1202 749 1241 ac-

67 1258 243 1335 cenderent,
261 1261 310 1322 sed
329 1260 388 1343 ipsa
407 1264 500 1341 capita
518 1262 630 1341 plebis,
646 1260 746 1322 consu·

68 1334 137 1397 letes
168 1340 411 1423 triumphalesque
441 1341 595 1421 plebeios3
623 1362 746 1422 quorum

68 1413 226 1481 honoribus
238 1421 335 1494 nihil,
354 1438 456 1503 praeter
476 1420 653 1493 sacerdotia,
681 1443 758 1505 quae1

68 1499 197 1561 nondum
214 1501 374 1582 promiscua
392 1520 493 1576 erant,
513 1500 626 1561 deesset.
650 1500 748 1584 Roga·

69 1576 176 1640 donem
185 1602 256 1663 ergo
266 1582 479 1663 promulgarunt
489 1626 499 1654 ,
510 1597 562 1655 ut,
576 1602 665 1663 quum
678 1603 749 1663 qua·

71 1669 130 1716 tuor
149 1681 270 1743 augures
279 1689 292 1735 ·,
307 1678 425 1743 quatuor
443 1660 594 1741 pontifices
615 1662 647 1721 ed
671 1678 750 1721 tem-

74 1736 177 1815 pestate
197 1739 303 1813 esseut,
319 1741 499 1823 placeretque
512 1742 607 1821 augeri
617 1739 748 1801 sacerdo·

71 1829 129 1877 tum
145 1842 315 1893 numerum,
337 1837 457 1904 quatuor
473 1818 640 1902 pontifices,
661 1823 747 1902 quin·

72 1915 124 1976 que
143 1922 282 1984 augures,
296 1901 333 1960 de
350 1900 437 1983 plebe
450 1921 570 1972 omnes,
583 1901 749 1983 adlegeren-

73 1990 124 2037 ππ.
141 1979 400 2060 Quemadmodum
416 1980 453 2039 ad
468 1997 590 2063 quatuor
609 2001 759 2062 augurum>

74 2074 219 2123 numerum
230 2060 309 2137 ,nist
324 2078 417 2122 morte
439 2060 583 2132 duorum,
601 2061 632 2120 id
655 2060 747 2140 redigi

76 2138 225 2224 collegium
243 2143 389 2224 potuerit,
409 2161 468 2200 non
490 2141 607 2200 invenio
624 2163 634 2214 3
657 2160 747 2219 quum

75 2215 145 2280 inter
163 2243 281 2304 augures
297 2219 427 2293 constet,
441 2222 581 2301 imparem
596 2238 747 2279 numerum

77 2296 177 2362 debere
195 2300 249 2362 esse
261 2348 270 2376 ,
284 2319 315 2362 ut
325 2320 383 2361 tres
397 2303 520 2381 antiquae
535 2298 623 2359 tribus
637 2343 646 2371 ‚
659 2298 747 2357 Ram·

76 2396 139 2454 nes,
151 2381 311 2455 Titienses,
326 2381 465 2452 Luceres,
479 2378 558 2437 suum
570 2399 689 2459 quaeque
702 2400 749 2438 au·

77 2476 170 2538 gurem
181 2463 304 2523 habeant
321 2484 330 2536 ;
349 2477 414 2533 aut,
427 2459 448 2518 sr
461 2459 589 2540 pluribus
605 2457 638 2517 srt
654 2481 747 2539 opus,

76 2542 132 2615 pari
149 2546 224 2604 inter
246 2541 276 2603 se
294 2561 414 2601 numero
432 2537 591 2599 sacerdotes
609 2539 749 2619 multipli·
830 2543 834 2548 ’

78 2637 154 2696 cent,
169 2622 238 2683 sicut
249 2621 428 2713 multiplicati
442 2619 505 2679 sunt
516 2665 526 2694 ,
539 2641 626 2701 quum
636 2619 672 2677 ad
682 2640 751 2698 qua-

77 2711 138 2759 tuor
153 2706 278 2784 quinque
296 2701 396 2783 adpesli
407 2721 516 2763 novem
531 2719 699 2770 numerum,
717 2714 751 2757 ut

76 2784 145 2844 terni
159 2785 189 2848 in
203 2782 325 2867 linguas
342 2780 452 2860 cuent,
472 2780 670 2863 expleverunt.
688 2773 751 2859 Ce-
