1950 3617
259 219 480 289 Linea
535 218 622 287 X.·
693 213 763 312 389
861 255 867 264 ·

119 352 138 393 o
179 352 196 393 e
232 332 417 417 magnificum
456 332 648 418 spectaculum
683 332 872 395 essen-:a

100 352 242 496 tiusguam
255 416 365 476 clamor
384 414 553 488 tolleretur,
575 412 871 502 concurrere-235⁹·

72 508 202 576 turque,
220 493 319 556 emisso
334 513 443 557 temere
458 497 519 577 pilo
535 493 607 556 icius
626 496 777 577 pullarius·
796 472 880 567 [ἦρ’

72 591 143 634 ante
162 573 241 658 signa
254 576 358 637 cecidit
374 600 383 638 z
400 576 481 659 quod
499 577 549 636 ubi
570 574 678 637 consuli
693 596 763 636 nun·
771 557 872 650 2222&

74 654 180 715 tiatum
190 654 252 731 est,
268 658 325 717 Dii
340 660 369 717 in
382 657 478 737 prasio
488 656 576 736 fient,
590 658 699 738 inquit:
711 659 764 717 ha·

75 735 122 795 het
136 757 245 815 ponam
265 739 379 797 noxium
398 756 489 818 caput.
509 737 587 798 Ante
616 737 765 799 consulem

23 836 25 839 ’
74 814 141 876 haec
155 816 302 878 dicentem
315 839 419 879 corvus
436 838 513 884 voce
529 818 604 878 clari
618 821 765 893 occinuit;

78 916 140 977 quo
155 897 237 959 laetus
254 900 372 979 augurio
389 897 508 971 consul,
528 896 669 959 affirmans
684 919 766 958 num·

78 998 167 1058 quam
186 978 317 1038 humanis
337 979 422 1040 rebus
442 981 533 1061 magis
555 976 707 1060 praesentes
722 981 766 1037 in·

22 1136 25 1141 Δ
78 1056 204 1130 terfuiffe
223 1060 312 1133 deos,
325 1057 403 1142 signa
421 1080 543 1132 canere,
558 1058 592 1120 &
608 1059 771 1120 clamorem.

80 1138 147 1199 tolli
165 1136 251 1217 jusiit.

121 1218 201 1280 XLI.
218 1218 355 1280 Proelium
372 1218 551 1288 commissum
569 1235 672 1295 atrox,
693 1235 768 1282 cete·

81 1320 147 1360 rum
157 1300 245 1383 longi
257 1298 412 1383 disparibus
424 1304 534 1364 animis.
545 1301 695 1362 Romanos
707 1304 748 1364 ira
755 1317 772 1377 ,1

82 1377 98 1442 s
115 1401 168 1455 es,
185 1381 271 1441 ardor
295 1383 487 1456 certaminis,
509 1382 612 1443 avidos
640 1380 767 1443 hostium

23 1459 27 1524 s
132 1463 226 1543 guinis
236 1462 266 1521 in
279 1461 414 1542 proelium
427 1463 516 1542 rapit:
530 1459 699 1522 Samnitium
711 1484 770 1522 ma·

84 1560 170 1622 gnam
185 1558 295 1623 panem
315 1539 460 1603 necessitas
478 1563 511 1603 ac
531 1543 631 1626 religio
658 1543 768 1603 invitos

22 1628 26 1637 '
83 1625 175 1704 magis
194 1620 348 1695 refistere‚
373 1622 459 1703 quim
486 1621 590 1684 inferre
615 1643 740 1704 pugnam
756 1665 773 1695 ,Α

83 1705 164 1785 cogit
179 1724 189 1777 3
205 1723 259 1763 nec
276 1700 462 1762 sustinuissent
472 1704 596 1781 primum
611 1702 769 1763 clamorem

23 1813 28 1820 ’
84 1800 171 1865 atque
189 1784 330 1864 impetum
349 1781 568 1856 Romanorum,
589 1802 641 1863 per
659 1783 770 1863 aliquot

23 1882 24 1897 ³
83 1861 146 1946 jam
162 1875 253 1923 annos
265 1864 342 1924 vinci
356 1860 471 1937 assueti,
491 1865 521 1922 ni
537 1864 683 1943 potentior
696 1863 774 1922 alius,

26 1947 28 1954 '
83 1960 181 2005 metus
191 1941 313 2007 insidens
332 1942 494 2024 pesiotibus
508 1965 525 2002 a
541 1940 608 2026 fuga
624 1944 769 2003 retineret.

23 2032 24 2038 ’
86 2022 212 2106 Quippe
221 2025 252 2086 in
268 2024 426 2088 oculiserat
436 2026 531 2084 omnis
542 2023 590 2083 ille
606 2024 711 2083 occulti
721 2045 771 2102 pa-

24 2112 26 2141 *
87 2121 166 2165 tatus
184 2102 274 2175 sacri,
296 2104 328 2165 &
346 2105 444 2164 armati
463 2101 644 2175 sacerdotes,
657 2104 690 2163 &
703 2123 772 2183 pro-

84 2182 195 2249 miscua
208 2184 359 2245 hominum
376 2182 582 2322 pecudumque
597 2179 719 2274 strages,
738 2183 772 2243 &

24 2271 27 2304 ³
85 2262 221 2346 tespersae
238 2263 326 2324 fando
338 2284 375 2325 ne
388 2263 521 2344 andoque
541 2260 674 2344 sauguine
694 2283 771 2338 arc,

26 2369 30 2384 ·
86 2348 123 2418 δι
140 2345 202 2405 dira
216 2342 389 2418 exsecratio,
406 2364 438 2405 ac
453 2341 554 2404 furiale
574 2361 706 2414 carmen,
724 2342 776 2403 de·

25 2437 26 2462 ³
87 2422 225 2488 testandae
251 2423 365 2484 familiae
393 2422 471 2504 stirpi
493 2444 529 2483 ue
551 2420 771 2502 compositum:

87 2507 136 2572 his
151 2505 273 2570 vinculis
287 2502 363 2587 sugae
380 2501 468 2564 obsiti
496 2506 502 2518 '
522 2501 653 2576 stabant,
675 2504 772 2568 civem

25 2597 28 2628 ³
87 2587 206 2669 magis,
224 2583 311 2669 quint
336 2582 470 2659 hostem,
493 2586 636 2649 timentes.
663 2581 772 2644 Instare
833 2615 835 2618 ·

25 2675 27 2704 ³
87 2665 239 2733 Romanus
256 2685 375 2726 acornu
391 2681 532 2747 utroque,
550 2686 567 2725 a
582 2665 677 2725 media
692 2666 772 2736 acie,

26 2757 27 2762 ’
89 2746 250 2811 &caedere
267 2745 389 2807 deorum
407 2746 615 2826 hominumque
635 2745 772 2803 attonitos

89 2842 175 2902 metu
198 2849 206 2892 t
229 2841 400 2912 repugnatur
433 2824 632 2967 segniteffnut
654 2823 689 2888 ab
714 2824 774 2896 iit,

585 2922 616 2985 ιι]
