1950 3617
243 228 312 326 308
406 232 739 305 ιΤ.1,ιιίι

134 353 232 404 ξε.-
242 367 288 408 res
302 347 443 408 exercitus
452 349 524 411 nihil
536 349 685 410 crederent
698 347 840 431 superesse
850 348 924 430 spei,

135 425 225 518 {³3⁴5
243 427 446 489 advenientem
471 432 569 490 incorn
591 429 664 490 ofito
700 434 816 512 agmine
854 430 921 489 Mar·

129 545 134 560 x
150 503 156 515 ’
176 489 199 528 ‘³
215 490 233 529 5'
244 510 350 569 ciuma
370 509 543 591 grediunntr.
561 454 679 591 dapum
691 512 806 572 collatae
817 509 917 569 sarcita

244 591 275 648 iu
292 530 420 649 medum
435 592 508 664 ;&‚
535 593 610 650 'rout
622 608 737 673 tempus
753 593 912 673 patiebatur,

243 668 376 729 instruite
391 671 474 730 acies.
493 612 613 731 Cidmor
633 674 759 752 primum
777 674 809 730 in
833 671 911 732 stan‘w

245 749 389 832 perlatus,
414 750 479 810 dein
504 749 669 832 conspedius
690 753 795 831 procul
816 751 914 832 prum,

245 830 400 889 tumultum
416 830 492 912 apud
510 832 630 890 alterum
656 831 806 891 consulent
830 835 858 890 in
874 829 917 889 cas

245 911 296 969 tris
325 909 394 969 fecit
413 934 423 985 ;
441 908 520 991 isque
545 909 696 970 confestim
721 934 803 971 arma
829 930 918 992 capere

246 987 344 1065 uisis,
362 992 464 1070 raptim
486 1011 522 1051 ue
542 990 648 1050 edustis
666 995 696 1050 in
718 995 813 1052 aciem
833 992 920 1051 militi·

245 1012 322 1144 ius,
342 1011 528 1131 transvetiam
553 1070 678 1131 hostium
703 1075 824 1147 aciem,
845 1090 920 1153 atque

245 1150 302 1210 alio
317 1154 470 1212 certamine
489 1168 675 1233 occupatam,
691 1154 821 1227 invadit,
835 1154 921 1212 clami·
945 1165 946 1232 J

244 1246 327 1305 tans,
350 1235 489 1293 Summum
509 1235 650 1313 flagitium
666 1233 750 1313 fore,
762 1236 793 1311 fi
815 1235 918 1292 altentn
945 1239 946 1250 ²

245 1314 387 1372 exercitum
406 1309 539 1391 utriusque
553 1315 667 1372 νὶἅονὶα
692 1333 837 1393 compotem
853 1315 918 1393 sme-

245 1410 301 1452 rent
311 1392 392 1472 fieri,
408 1413 457 1452 nec
474 1395 514 1451 ad
524 1390 555 1469 se
566 1391 614 1470 sui
624 1395 688 1451 belli
700 1396 868 1453 vindicarent
880 1396 917 1451 de·
945 1431 946 1450 2

183 1494 212 1530 ι·
247 1479 303 1532 cus.
322 1470 393 1550 Qud
411 1476 552 1555 impetum
576 1473 713 1547 dederat,
760 1494 854 1533 ertum
872 1475 916 1546 it;

167 1614 174 1627 ‚
245 1554 393 1634 aciemque
412 1573 465 1634 per
487 1553 613 1613 mediam
635 1555 665 1611 in
691 1495 780 1613 cusi-ia
802 1497 917 1614 hotdum

244 1632 355 1705 tendit,
371 1633 403 1693 ὃ(
420 1653 512 1692 vacua
532 1632 728 1693 defensoribus
745 1636 822 1714 capit
839 1651 914 1715 atque

246 1713 381 1773 incendit.
396 1710 473 1790 Quae
483 1713 532 1771 ubi
544 1712 687 1852 flappantia
701 1714 859 1773 Marcianus
867 1716 914 1772 mi-

245 1793 288 1852 les
306 1791 378 1852 cons
391 1796 470 1865 exit,
491 1792 523 1852 ὃ(
544 1793 583 1851 ho
609 1813 639 1852 es
662 1792 839 1874 respexere,
858 1811 911 1852 mut
945 1843 946 1850 ,

245 1870 343 1954 paffim
366 1814 433 1954 ddga
453 1889 551 1952 coepta
572 1867 740 1932 Samnitium
762 1873 824 1933 fien'
843 1896 853 1946 ;
870 1872 910 1931 sed
945 1897 946 1938 t

245 1954 343 2013 emnia
359 1951 471 2011 obtinet
480 1951 656 2025 caedes,nec
672 1955 703 2010 in
716 1953 804 2012 ullam
814 1970 909 2033 partem
945 1985 946 2022 1

243 2049 337 2094 tutum
354 2029 514 2169 perfupiutn
530 2029 579 2090 est.
592 2032 654 2092 Jam
670 2035 787 2114 triginta
797 2033 907 2092 millibus
945 2029 946 2072 t

244 2111 370 2173 hostium
393 2132 433 2170 cae
445 2132 489 2183 rs,
514 2109 625 2191 signum
645 2115 773 2193 receptui
793 2112 906 2173 consules

244 2193 403 2266 dederant,
417 2191 646 2329 collipebantque
659 2194 689 2250 in
704 2214 795 2252 unum
806 2196 905 2274 copias,

243 2277 275 2334 in
287 2275 383 2334 vicem
398 2274 473 2331 inter
497 2291 513 2330 e
528 2288 668 2359 gratantes
678 2294 688 2347 3
700 2294 789 2353 quum
804 2272 904 2355 repente

242 2350 310 2415 visae
329 2351 429 2435 procul
443 2348 569 2416 'hostium
582 2373 668 2412 novae
685 2353 838 2427 cohortes,
854 2370 904 2434 quae

241 2433 272 2492 in
286 2432 515 2514 supplementum
531 2428 639 2513 scriptae
652 2432 764 2492 fuerant
777 2479 787 2506 ,
801 2438 904 2515 integra-

240 2519 311 2572 uere
328 2513 437 2572 caedem
454 2515 507 2572 :in
532 2533 622 2593 quas,
641 2532 695 2572 nec
720 2511 790 2592 jussu
818 2511 904 2574 consu-
945 2567 946 2570 ,

239 2590 318 2663 lum,
333 2612 387 2652 nec
405 2591 484 2686 signo
503 2609 640 2673 accepto,
656 2592 781 2653 vidores
792 2593 904 2663 vadunt,

238 2670 316 2732 malo
334 2673 465 2731 tirocinio
483 2672 670 2732 imbuendum
688 2670 842 2733 Samnitem
856 2671 902 2730 cla·

237 2752 378 2812 ruitantes.
397 2750 550 2833 Indulgent
568 2750 698 2812 consules
718 2754 860 2835 legionum
869 2772 902 2808 ar·

237 2829 302 2897 duri
310 2876 320 2909 ,
335 2848 368 2894 ut
383 2833 432 2918 qui
449 2832 548 2919 probe,
563 2831 665 2898 scirent
676 2878 687 2914 ,
700 2853 820 2900 ,nouum
838 2832 902 2902 nilis
