1950 3617
199 205 322 275 Len
349 225 377 276 e
403 226 429 275 rr
485 205 534 274 X.
651 226 717 300 323

78 312 111 379 V.
127 314 244 384 Nuntio
255 320 374 395 allato,
398 318 517 384 diunor
536 317 614 403 signa
633 316 834 395 ferri,·==

46 415 73 458 ac
85 397 158 482 sequi
170 419 296 463 armatos
313 399 401 482 jubet
415 425 422 462 :
438 399 488 461 sed
499 401 636 462 celeriora
652 421 724 480 pro-
734 400 834 503 §³532ss

89 483 183 542 otnnia
201 483 332 564 imperio
354 498 444 542 erant.
462 482 556 563 Rapta
576 480 722 563 extemplo
746 477 752 490 ‘
775 476 781 490 '

126 582 285 645 armaque,
304 564 339 624 δι
351 564 403 623 vix
417 564 453 623 ab
467 565 576 643 impetu
594 563 627 624 &
642 560 724 623 cursu

46 641 196 704 tenebannrr
215 663 339 725 :quum
359 644 402 702 ira
425 641 460 702 ab
488 659 604 723 accepta
630 662 723 723 nuper

41 717 107 782 clade
123 720 289 784 stimulabat
302 769 312 798 ,
327 741 392 785 turn
409 723 577 785 concitatior
589 723 723 784 accidens

42 799 135 862 clamor
152 804 191 863 ab
215 802 401 866 increscente
429 805 591 863 certamine.
609 803 722 884 Urgent

40 879 119 962 itaque
136 884 185 942 alii
203 885 306 960 alios,
329 884 532 965 hortanturque
548 881 720 965 figniferos,

42 975 67 1018 ut
81 965 155 1023 ociis
175 982 245 1026 eant
267 988 275 1025 ι
295 966 358 1047 quo
376 966 466 1048 magis
488 961 651 1024 festinantes
673 964 721 1024 vi-

41 1038 81 1100 det
90 1042 225 1119 uitiator,
242 1046 283 1105 eb
298 1043 455 1126 impensius
465 1061 586 1105 retentat
595 1062 721 1126 agmen,

42 1119 174 1183 etsensim
197 1126 343 1188 incedere
361 1121 451 1206 jubet.
472 1123 582 1186 Etrusci
599 1121 721 1198 contri,

43 1202 168 1285 principio
194 1208 287 1267 exciti
319 1226 443 1300 pugnae,
468 1204 602 1266 omnibus
627 1203 721 1283 copiis

42 1280 142 1343 ederant
156 1308 165 1359 ;
179 1286 323 1366 &super
337 1286 407 1350 alios
422 1285 471 1345 alii
486 1286 616 1343 nuntiant
635 1281 722 1345 dicia-

42 1363 106 1437 rori‚
118 1385 222 1430 omnes
239 1367 377 1449 legiones
385 1363 566 1425 Etruscorum
578 1386 593 1423 c
632 1361 720 1426 effiffe

163 1468 250 1519 ,nec
266 1447 329 1528 jam
345 1445 381 1506 ab
396 1443 451 1504 suis
465 1443 552 1504 refisti
569 1466 608 1526 po
631 1465 670 1519 e3
686 1445 721 1507 δι

43 1461 199 1657 ῗέἵῖωἱτ
221 1548 261 1590 ex
289 1526 434 1607 superiore
455 1524 543 1595 loco,
560 1526 590 1583 in
613 1542 721 1605 quanto

62 1598 191 1669 iscrirnine
206 1605 377 1689 praesidium
399 1602 475 1676 effer.
497 1602 635 1666 Ceterum
656 1603 721 1665 satia

47 1676 118 1744 ltetus
134 1685 191 1747 effe
207 1690 301 1760 etiarn
319 1706 394 1748 nunc
405 1684 557 1745 tolerando
573 1686 721 1746 certamini

49 1757 173 1841 legatum,
184 1788 242 1828 nec
261 1766 293 1827 se
310 1766 411 1847 procul
428 1762 520 1825 abelle
530 1764 650 1844 periculi
660 1767 722 1827 vin·

48 1837 142 1921 dicem,
151 1847 244 1929 qulam
256 1846 382 1908 maxime
394 1845 457 1904 vult
471 1844 579 1926 fatigari
590 1842 720 1917 hostem,

48 1926 111 1982 utin
171 1930 179 1942 ⁶
214 1928 363 1989 adoriatur
378 1926 488 1988 viribus
499 1923 594 1987 ferron
610 1922 720 2005 Quam·

50 2020 122 2080 quam
149 2010 218 2080 ente
229 2007 414 2091 procedunt,
430 2004 489 2086 jam
503 2022 598 2066 tamen
613 2007 649 2066 ad
666 2009 721 2065 im-

50 2101 135 2159 petum
148 2089 328 2171 capiendum
346 2088 434 2168 equiti
448 2088 489 2147 uti
530 2106 546 2145 e
572 2086 722 2146 modicum

53 2166 241 2249 eratspatium
259 2191 267 2229 :
284 2171 375 2251 prima
392 2167 495 2226 incede
516 2182 564 2224 ant
582 2164 659 2247 signa
679 2166 722 2225 le·

52 2243 220 2382 &numme
240 2249 311 2330 quid
324 2247 469 2309 occultum
479 2264 526 2305 aut
540 2247 721 2326 repentinum

86 2322 128 2387 stis
149 2332 268 2391 timeret
291 2352 301 2404 3
322 2327 371 2389 sed
400 2328 451 2388 reli
473 2341 553 2386 uerat
574 2325 723 2386 intervalla

54 2400 115 2466 inter
126 2411 245 2472 ordines
261 2409 408 2491 peditum,
428 2429 484 2489 qua
498 2404 562 2465 satis
579 2405 644 2466 laxo
662 2405 723 2486 spa-

55 2483 89 2543 llo
102 2493 167 2571 equi
191 2492 322 2574 permitti
343 2487 463 2570 pollent.
491 2485 596 2564 Pariter
615 2483 723 2547 sustulit

55 2563 200 2632 clamorem
216 2573 313 2640 acies,
330 2572 363 2631 &
386 2565 497 2629 emissus
519 2587 606 2647 eques
629 2566 722 2629 libero

56 2647 126 2709 cursu
133 2653 163 2711 in
175 2649 291 2713 hostem
301 2649 459 2722 invehitur,
472 2650 568 2709 incom
590 2645 724 2728 ofitisque

59 2724 181 2793 adversus
193 2728 353 2815 equestrem
372 2730 530 2811 procellam
543 2669 666 2788 felicum
675 2747 726 2807 pas

59 2823 151 2874 rorent
167 2809 444 2900 offmrlitlnque,
465 2808 611 2947 obprope
632 2804 728 2871 serum

406 2935 409 2940 ,
533 2908 566 2965 'VJ
