1950 3617
234 205 301 282 150
426 185 464 253 T.
512 187 639 256 [ιν
661 204 724 256 ιι

117 325 214 361 aa
231 319 347 395 quoque
362 297 467 361 factata
480 301 609 360 militaris
624 301 679 362 lara
695 296 762 375 est,
783 318 825 360 ne
843 296 922 380 cajus

118 382 138 423 U
142 397 192 430 ·····
196 398 214 436 3·
229 376 328 440 milms
348 378 442 462 scripti
462 401 592 456 nomen,
609 379 661 441 niss
684 379 750 463 ipso
774 381 923 453 volente,

118 433 214 485 ‘²³³⁹'
229 460 370 521 deleretur
386 484 396 536 ;
414 462 600 543 additumque
614 462 691 544 legi,
709 482 747 522 ne
767 464 861 544 quis,
874 459 919 523 ulti

227 542 356 601 tribunus
374 542 498 602 militum
514 540 630 615 fuillet,
652 540 756 624 postea
783 542 919 602 ordinum

229 621 331 683 dulim
341 621 417 682 effer.
433 623 468 683 ld
484 640 604 705 propter
612 622 643 683 P.
656 621 817 683 Salonium
828 619 920 704 postu·

230 703 318 765 larum
334 701 374 762 est
391 702 426 762 ab
442 701 613 784 conjurarit,
629 705 678 784 qui
692 704 820 763 alternis
832 697 917 783 ptopl

230 785 310 842 annis
330 783 362 842 δι
376 783 504 844 tribunus
520 783 660 855 militum,
671 785 703 844 &
716 786 848 865 primusq
862 798 915 840 mur

229 864 305 922 turio
325 879 402 938 erat,
438 874 504 924 uem
527 884 603 923 nunc
628 864 714 945 primi
736 864 796 949 pili
824 883 860 944 ap

209 988 211 993 .
229 941 297 1009 lant.
308 941 384 1002 Huic
395 885 497 1013 inlensr
514 943 619 1003 milites
632 959 732 1017 erant,
749 942 838 1034 quod
863 958 916 1000 em·

232 1043 286 1105 per
312 1021 474 1084 adversatus
493 1025 578 1084 novis
600 1021 722 1083 consiliis
753 1019 871 1095 tuiss'et,
887 1017 918 1080 ἅ

228 1123 266 1163 ne
285 1106 391 1183 partice
414 1124 545 1164 seorum
563 1101 647 1178 effer,
665 1105 714 1186 qui
731 1104 771 1164 ab
792 1098 915 1164 Lautulis
943 1128 944 1155 ι

229 1180 369 1264 sugillent
385 1125 484 1265 laque
504 1205 594 1266 quum
614 1183 670 1244 hoc
685 1205 779 1244 unum
801 1196 914 1267 propter
943 1202 944 1235 l

229 1261 377 1325 Salonium
392 1265 427 1324 ab
443 1263 538 1324 senatu
549 1286 608 1324 non
620 1265 828 1346 impetraretur
838 1285 848 1337 3
858 1278 914 1321 tum
943 1280 944 1315 ὲ

228 1341 384 1418 Salonius,
403 1342 556 1404 obtestatus
575 1343 670 1404 Partes
694 1342 912 1427 Conscriptos‚
942 1389 944 1395 ¹

228 1444 268 1484 ne
285 1423 364 1484 suum
389 1426 530 1485 honorem
555 1424 662 1506 pluris,
687 1423 777 1506 quam
799 1439 912 1486 concor·

229 1503 309 1566 diam
327 1506 448 1565 civitatis
468 1503 637 1598 aestimarent
653 1547 674 1576 ,,
685 1505 815 1586 perpulit
835 1497 909 1563 mid
943 1544 944 1551 κ

229 1580 909 1747 lssqllf‘ffi‘rlllffillllllss

227 1744 299 1804 bant
314 1763 409 1806 autem
423 1745 528 1826 triplex
544 1745 578 1804 ea
591 1743 778 1826 tempestate)
795 1765 852 1804 aera
866 1741 905 1800 de·
940 1765 944 1799 1

227 1816 905 1966 pnerentur,qubdadversaticonjurationifuis·
941 1844 944 1878 1

242 1922 362 2047 enlllll.
378 1984 482 2045 Praeter
506 1986 568 2048 haec
592 1988 710 2047 invenio
728 1986 805 2068 apud
826 1976 902 2067 quos·
941 2028 944 2038 ,

231 2066 298 2127 dam
310 2113 319 2141 ‚
329 2066 362 2126 L.
375 2063 559 2140 Genucium,
574 2066 720 2126 tribunum
739 2068 853 2148 plebis,
866 2078 902 2120 tu·
941 2083 944 2116 l

229 2145 289 2209 liffe
311 2147 347 2206 ad
366 2148 531 2287 populum,
554 2167 590 2205 ne
618 2145 758 2207 foenerare
781 2148 901 2207 liceret:
940 2164 944 2195 ³

227 2230 300 2291 item
316 2227 376 2289 aliis
389 2250 407 2307 p
420 2226 543 2287 ebisciris
555 2241 684 2301 cautum,
698 2247 735 2286 ne
750 2230 813 2308 quis
832 2239 899 2285 eum·
943 2240 944 2275 l

230 2308 300 2368 dem
318 2306 509 2389 magistratum
529 2309 603 2367 intra
622 2306 724 2368 decem
749 2327 838 2367 annos
858 2319 895 2361 <²-

229 2405 312 2471 petet
326 2410 336 2462 ;
352 2409 407 2446 neu
427 2388 500 2446 duos
510 2385 686 2468 magistratus
704 2408 763 2448 uno
775 2408 849 2447 anno
872 2400 898 2440 er

228 2485 305 2526 reret
322 2490 332 2541 3
348 2469 446 2546 utique
463 2466 563 2550 liceret
584 2466 713 2527 consules
733 2467 833 2528 ambos
844 2402 899 2603 ple·
943 2436 944 2503 l

227 2548 311 2617 beios
327 2548 423 2607 creari.
441 2543 519 2624 Quae
540 2545 562 2606 st
579 2550 677 2607 omnia
697 2545 824 2614 contessa
855 2554 897 2603 unt

226 2627 325 2709 plebi,
345 2643 461 2706 apparet
478 2627 553 2689 haud
570 2648 671 2708 parvas
684 2630 761 2690 vires
774 2623 897 2687 desertio·

226 2727 293 2771 nem
303 2705 435 2768 habuille.
445 2705 521 2770 Aliis
535 2707 681 2769 annalibus
689 2707 838 2854 proditum
846 2699 895 2772 est»

225 2785 688 2875 utquedillatoremvaletiumdi
717 2786 895 2872 omsedper
