1950 3617
268 232 336 323 146
461 230 498 304 T.
546 232 766 306 Lr'rr'r'r

155 352 254 451 ff
266 347 333 410 dam
349 366 531 431 compermm
550 350 721 424 attulerunt,
738 347 779 410 T.
797 344 937 427 Quintiunl

134 422 253 512 ,ἆᾝζζζ
264 431 294 489 in
313 428 474 489 Tusculano
496 450 594 513 agrum
616 432 739 504 colere,
762 429 840 489 urbis
858 428 937 497 hono

264 531 385 592 rumque
398 512 609 571 immemorem.
623 510 755 570 Patriciae
766 511 814 569 hic
828 511 872 570 vir
884 518 937 588 gere

262 593 298 651 tis
311 608 386 665 erat,
397 592 443 650 cui
452 613 541 672 quum
551 592 658 650 militiae
669 636 678 666 ,
690 611 800 673 magna
813 609 876 648 curn
886 586 935 724 ἷζ-

262 673 305 731 ria
323 671 391 730 auae
402 716 413 742 ‚
426 669 515 731 finem
527 692 578 752 pes
596 671 666 732 alter
682 693 723 731 ex
742 670 890 730 vulneret

264 752 317 811 dus
332 749 458 824 fecisset,
476 754 533 811 ruri
553 773 569 810 a
589 771 637 811 ere
655 754 751 812 vitam
768 748 871 831 procul
885 765 932 803 an-

170 860 253 911 auga..
262 832 372 892 bitione
391 853 424 890 ac
439 830 505 891 foro
517 771 671 892 conilituit.
685 830 824 892 Nomine
835 826 927 896 andito,

154 911 252 1008 ἥξω
264 911 411 993 extemplo
425 931 570 994 agnovere
580 915 696 988 virum3
715 914 771 986 &,
786 906 928 992 quodbtie

153 1008 209 1047 eiua·
264 1009 411 1066 verteret,
427 995 512 1051 acciri
530 989 673 1073 jufferunt.
690 991 754 1053 Sed
774 1008 873 1073 parum
886 983 930 1066 spei

262 1089 343 1144 erat,
358 1074 507 1134 voluntate
523 1073 680 1155 quidquam
695 1073 841 1133 faelurrnn
856 1090 863 1129 :
884 1067 931 1128 vim

258 1153 388 1214 adhiberi
402 1174 434 1213 ac
449 1169 560 1224 metum
578 1154 692 1235 placuit.
711 1153 818 1236 Itaque
838 1145 930 1208 silentio

258 1233 367 1306 nodis,
383 1255 471 1315 quum
483 1233 588 1294 tenum
600 1234 697 1308 villae,
716 1235 769 1316 qui
788 1229 864 1291 adid
874 1220 930 1286 mill

259 1331 355 1388 erant,
364 1312 526 1387 intrallent,
538 1312 640 1374 somno
657 1334 782 1397 gravem
795 1307 929 1390 Quintium

258 1392 442 1476 oppreffum,
462 1394 535 1453 nihil
553 1394 702 1469 medium,
728 1410 779 1454 aut
795 1387 929 1473 imperium

259 1491 344 1554 atque
360 1475 524 1548 honorem,
544 1491 591 1533 aut
609 1475 658 1533 ubi
679 1473 847 1544 restitaret,
867 1484 929 1527 mor·

258 1571 338 1628 tem,
349 1557 378 1613 ni
392 1553 572 1637 sequeretur,
583 1554 787 1615 denuntiantes
798 1554 849 1625 ,in
858 1541 928 1607 castffl

260 1651 465 1717 pertraxerunt.
487 1634 648 1718 Imperator
674 1634 827 1717 externplo
858 1626 927 1686 adve·

258 1717 341 1774 niens
358 1736 374 1774 a
395 1715 515 1796 pellatus
532 1738 542 1792 ;
561 1714 737 1798 insigniaque
762 1710 876 1775 honoris
890 1721 925 1762 εἰ·

257 1797 358 1855 territo
373 1738 470 1855 iubitae
484 1798 525 1855 rei
543 1796 679 1857 miraculo
695 1795 848 1865 deferunt,
863 1778 925 1848 &ad

259 1874 362 1935 urbem
380 1875 484 1935 ducere
502 1873 612 1956 jubent.
631 1875 690 1937 Suo
708 1878 802 1960 magis
819 1866 926 1932 indetur

258 1973 345 2051 peto,
355 1955 442 2038 quim
450 1954 569 2017 consilio
582 1944 924 2031 ducis,c0nvuls1ss1gni⁵‚

258 2035 361 2096 infesto
378 2038 508 2119 agmine,
522 2037 558 2096 ad
573 2037 698 2120 lapidem
715 2037 851 2098 odarum
865 2027 924 2093 viaei

150 2127 322 2215 ctutorisquae
340 2138 415 2176 nunc
431 2116 529 2200 Appia
547 2116 607 2191 est,
625 2120 802 2199 perveniunt
821 2136 830 2189 ;
849 2105 923 2168 iss'ent·

148 2193 238 2270 affl„
259 2216 316 2281 que
331 2197 481 2258 confestim
495 2197 531 2257 ad
545 2197 664 2271 urbem,
677 2201 707 2257 ni
722 2199 827 2258 venire
842 2178 923 2251 contri

258 2280 414 2339 exercitum
427 2324 437 2352 ,
449 2278 672 2359 didatoremque
688 2278 828 2340 adversus
847 2269 873 2330 se
886 2259 920 2322 Μ·

257 2358 405 2420 Valerium
416 2357 548 2420 Corvum
558 2358 664 2418 didum
674 2357 827 2431 audillent,
839 2353 919 2414 &1³²¹

257 2439 373 2524 gistrum
382 2431 510 2518 equit'um
519 2438 552 2497 L.
560 2438 709 2498 AEmilium
718 2432 920 2500 Mamercinum

298 2518 360 2579 XL.
372 2517 432 2577 Ubi
446 2519 570 2596 primitm
578 2521 608 2577 in
620 2517 805 2602 conspellum
819 2519 919 2577 vesstum

258 2598 318 2671 est,
335 2600 367 2658 &
382 2617 460 2654 arma
475 2596 609 2681 signaque
631 2620 777 2682 agnovere
799 2621 809 2674 3
831 2602 919 2654 exten·

257 2680 309 2817 plo
326 2676 460 2736 omnibus
476 2681 616 2738 memoria
627 2682 725 2761 patriae
742 2683 797 2740 iras
815 2687 905 2759 peffll¹

279 2774 300 2816 t.
321 2754 460 2818 Nondum
480 2776 559 2819 erant
579 2776 638 2819 tarn
659 2758 748 2820 forres
772 2759 809 2819 ad
825 2753 918 2830 sangffl·

255 2853 324 2899 nem
341 2837 480 2916 civilem,
499 2861 573 2916 nec,
596 2857 700 2923 praeter
721 2856 857 2910 externa,
875 2842 918 2889 Μ’.
