1950 3617
216 212 443 285 Linon
499 212 586 285 IX.
677 234 747 309 229

20 362 21 397 ς
57 307 859 422 limenquodinstatducibusipfisdiisgessms.ff*

64 453 70 462 .
97 400 134 462 11.
154 404 229 467 Haec
247 431 315 471 non
339 412 400 473 laeta
423 414 531 495 magis,
549 411 635 495 qulm
653 386 859 485 remedii&

20 502 21 567 ᾗ
59 483 245 564 taurinam,
278 496 406 553 exercitu
430 492 554 567 edullo,
575 480 861 568 circaCau·,⁵1'EZi¹.“

20 618 21 623 χ
59 553 133 621 &um
148 566 262 643 castra,
275 572 366 654 qu‘am
376 571 471 654 potest
486 570 690 646 occulerunt,
703 573 747 633 lo·
757 570 860 664 ‘megs‘

58 655 123 702 tat:
144 647 215 707 inde
234 651 277 710 ad
298 650 456 726 Calatiam,
472 653 523 714 ubi
542 651 601 731 jam
616 638 812 716 consulesiiir.

54 715 202 787 Romanos
222 730 378 815 castraque
398 730 453 793 effe
471 733 625 807 audiebat,
641 734 748 794 milites

55 795 151 864 decem
171 808 334 888 pastorum
347 813 444 874 habitu
464 816 570 887 mittit,
583 833 748 896 pecoraque

55 877 199 974 diversos,
211 891 311 952 alium
330 894 416 966 alibi,
433 894 510 953 haud
520 895 622 975 procul
639 892 749 954 Rorna-

54 977 99 1052 318
111 966 233 1045 pascere
256 971 341 1052 jubet
360 972 496 1055 praesidiis
508 996 518 1047 ;
531 975 580 1033 uhi
595 974 749 1034 inciderint

61 1048 309 1128 mundatorem
332 1071 364 1114 ut
389 1055 466 1114 idem
491 1054 625 1114 omnibus
652 1053 747 1116 sermo

62 1122 179 1201 tonstet,
190 1130 333 1215 legiones
341 1132 509 1194 Samnitium
520 1138 549 1194 in
558 1132 667 1215 Apulia
676 1131 749 1209 effe,

59 1194 208 1270 luceriam
240 1214 376 1275 omnibus
405 1217 496 1296 copiis
521 1212 749 1290 circumsedere,

57 1297 106 1375 nef
123 1294 240 1366 procul
257 1292 368 1368 abelle,
402 1297 450 1354 uin
467 1297 498 1356 vi
517 1297 636 1389 capiant.
648 1295 710 1356 Jam
723 1298 748 1355 is

57 1377 142 1425 enam
160 1392 272 1434 rumor
290 1375 371 1448 ante,
382 1317 424 1434 de
442 1374 578 1434 industria
594 1374 748 1458 vulgatus,

57 1461 177 1510 venerat
202 1455 245 1514 ad
266 1455 413 1515 Romanos
431 1478 441 1530 3
458 1454 508 1514 sed
533 1453 621 1515 fidem
642 1476 748 1516 auxere

59 1528 187 1606 tilpt'lv'l,
215 1537 254 1595 eb
280 1535 425 1608 maximd,
454 1534 533 1615 quod
557 1534 649 1595 sermo
675 1539 748 1595 inter

59 1621 160 1668 ornnes
171 1616 362 1698 congruebat
369 1615 454 1674 Haud
465 1632 526 1675 erat
533 1615 668 1689 dubium,
677 1617 749 1697 quin

59 1676 213 1754 Lucerinis
231 1716 320 1777 opem
334 1695 481 1756 Romanus
498 1694 602 1768 ferret,
614 1694 698 1756 bonis
713 1716 748 1755 ac

62 1758 200 1833 fidelibus
223 1773 307 1836 sociis
327 1775 437 1850 ;s1mul
462 1796 500 1835 ne
521 1774 629 1856 Apulia
653 1777 750 1837 omnis

61 1844 97 1903 ³d
115 1854 291 1929 praesentem
307 1872 447 1916 terrorem
465 1853 620 1933 deficeret:
635 1876 670 1916 ea
686 1877 749 1916 mo·

66 1922 124 2003 db,
148 1937 209 2016 quir
231 1939 326 2011 irent,
344 1935 511 1997 consultatio
534 1933 595 1997 fuit.
616 1933 692 1996 Duae
711 1936 751 1997 ad

67 1999 219 2077 luceriam
230 2016 360 2077 fetebant
368 2019 444 2091 viae,
457 2018 544 2076 altera
554 2032 656 2096 praeter
667 2036 750 2075 oram

69 2081 173 2171 Superi
183 2099 267 2156 maris
281 2113 379 2178 patens
392 2115 566 2179 apertaque,
579 2095 628 2155 sed
643 2098 749 2176 quanto

70 2173 175 2251 tutior,
192 2178 270 2237 tanto
286 2175 346 2237 fere
363 2178 477 2260 longior
490 2200 500 2250 ·,
512 2178 599 2236 altera
614 2196 666 2257 per
679 2175 752 2235 Fur·

71 2251 145 2314 tuias
165 2256 309 2321 Caudinas
325 2259 451 2319 brevior.
465 2255 523 2317 Sed
544 2259 585 2315 ita
602 2272 685 2315 natus
706 2255 750 2317 lo-

74 2347 121 2392 tus
141 2337 199 2399 est:
214 2337 298 2399 saltus
315 2337 373 2397 duo
389 2338 437 2397 alti
455 2335 562 2419 angusti
581 2334 749 2416 sylvosrque

73 2406 155 2497 sunt,
177 2417 324 2480 montibus
349 2417 422 2477 circli
472 2418 595 2498 erpetuis
622 2418 696 2476 inter
720 2415 750 2476 se

74 2496 157 2567 unffi
172 2496 270 2578 :jacet
292 2499 364 2557 inter
380 2519 431 2558 eos
449 2439 513 2557 iaris
529 2514 628 2577 patens
641 2494 751 2556 clausus

77 2570 104 2631 in
121 2580 218 2640 medio
237 2598 374 2717 camgm,
394 2577 527 2638 herbidus
549 2575 751 2716 aquosusque,

77 2671 227 2740 perquem
244 2678 292 2717 me
315 2660 373 2718 'um
393 2661 446 2718 iter
464 2655 516 2717 est.
528 2654 564 2717 Se
599 2673 752 2737 antequam

81 2739 171 2800 venias
187 2739 224 2799 ad
242 2759 330 2813 eum,
345 2736 480 2797 intrandae
501 2732 754 2818 primaeangtdliae

79 2808 134 2888 lut
143 2864 154 2898 ‚
171 2822 225 2899 &,
245 2836 293 2898 aut
305 2818 491 2902 eidemqul
505 2835 533 2881 te
550 2814 762 2899 mutuaveris„
