1950 3617
231 245 300 315 320
426 225 462 293 T.
512 224 725 295 errr‘

122 345 220 393 'aaa
231 339 314 396 matis
330 340 479 421 complent
498 362 509 414 ;
526 339 702 423 profedique
721 340 768 399 ad'
781 334 907 412 classem}

123 414 219 507 ξψξ-
233 418 398 480 immobiles
408 442 513 494 naves,
522 424 554 482 δι
563 422 734 504 locaignota
741 422 822 503 plus,
831 415 912 500 quiss-

164 479 187 519 '³
204 482 220 509 ι’
232 497 345 559 hostem
357 545 367 574 ,
380 503 535 573 timentes,
552 503 774 562 circumvadunt
787 523 797 575 ;
811 500 905 581 sugit·

232 577 331 660 tesque
346 583 376 640 in
388 582 477 642 altum
489 584 596 653 acrius,
607 583 694 663 quim
708 593 898 662 repugnem

232 658 374 741 usquead
394 660 500 723 ostium
519 665 609 721 amnis
632 661 806 744 persecuti,
828 657 893 739 0ξὲ

233 739 402 821 quibusdam
421 741 597 824 incensisque
623 743 749 803 navibus
774 737 892 820 hostin}

233 840 305 901 quas
326 822 479 904 trepidatio
503 825 534 881 in
563 823 638 883 vada
667 823 804 883 intulerat
824 866 834 895 ,
851 817 898 879 v'u

234 916 314 960 tores
330 920 519 964 revertuntur.
536 901 744 984 Cleonymus,
758 905 809 963 vix
857 901 863 914 ‘

234 999 316 1063 parte
335 985 453 1044 navium
463 984 620 1055 incolumi,
638 985 719 1043 nulli
728 984 846 1064 regione
857 995 905 1039 rut³

233 1063 275 1122 ris
290 1060 429 1123 Adriatici
439 1062 575 1146 prospere
590 1064 681 1137 aditi,
699 1060 828 1123 discessit.
843 1056 906 1121 Ros·

234 1156 278 1201 tra
288 1146 404 1218 navium
419 1143 565 1225 spoliaque
576 1143 746 1217 Laconum,
760 1146 789 1202 in
802 1141 862 1201 aede
870 1138 906 1200 Ju

234 1225 321 1282 nonis
337 1227 428 1285 veteri
442 1223 520 1298 fixa,
539 1224 623 1285 multi
641 1223 789 1304 supersunt
844 1223 851 1236 ⁶
868 1220 907 1278 via

234 1301 350 1363 derunt.
360 1304 475 1365 Patavii
492 1320 713 1364 monumentum
732 1321 774 1362 'rra
822 1305 844 1361 's
861 1320 907 1383 pu-

235 1401 300 1520 pnae
318 1404 354 1444 eo
374 1384 421 1444 die
432 1429 442 1456 ,
455 1406 514 1465 quo
524 1400 681 1466 pugnatum
695 1381 757 1457 est,
768 1381 906 1464 quotannis

249 1462 347 1522 olenui
363 1467 517 1525 certamine
540 1466 658 1525 navium
674 1464 705 1524 in
730 1463 845 1524 flumine
860 1482 905 1542 op

234 1541 297 1623 pidi
315 1544 412 1605 medio
430 1561 587 1604 exercetur.

278 1620 331 1683 Ill.
352 1623 465 1685 Eodem
477 1646 553 1685 anno
570 1625 675 1685 chrae
691 1646 759 1685 cum
772 1622 905 1693 Vestinis,

235 1704 399 1842 pptentibus
423 1708 607 1778 amicitiam,
633 1704 721 1765 iilum
749 1704 789 1765 est
811 1703 904 1764 foedus.

273 1783 393 1865 ultiplex
407 1786 511 1847 deinde
524 1802 639 1846 exortus
654 1803 758 1846 terror.
776 1784 904 1845 Etruriam

234 1862 405 1940 rebellare,
435 1865 472 1924 ab
499 1864 702 1926 Arretinorum
733 1864 904 1925 seditionibus

234 1961 317 2003 motu
337 1961 423 2019 orto,
441 1946 644 2020 nuntiabatur,
661 1944 710 2005 ubi
727 1943 852 2005 Cilnium
868 1962 904 2025 ge

234 2044 289 2083 nus
299 2042 479 2107 praepotens,
495 2026 659 2087 divitiarum
672 2026 785 2086 invidia
796 2025 859 2108 pelli
868 2045 903 2082 ar·

234 2106 292 2167 mis
309 2123 436 2188 coeptum
451 2128 459 2166 t
476 2105 560 2166 simul
575 2104 688 2166 Marsos
707 2127 724 2165 a
743 2108 902 2167 rumvitue·

237 2187 281 2261 ri,
294 2187 324 2246 in
339 2207 427 2269 quem
441 2186 557 2249 colonia
567 2185 695 2249 Carseoli
733 2184 900 2254 edudaerat,

239 2283 360 2346 quatuor
373 2267 499 2327 millibus
514 2267 665 2327 hominum
681 2264 801 2347 scriptis.
818 2265 900 2345 Itaque

125 2343 228 2431 12¹,st
237 2365 360 2488 ppopter
377 2367 427 2418 eos
452 2348 589 2408 tumultus
606 2345 697 2406 dietus
719 2346 766 2407 M.
786 2345 900 2405 Valerius

125 2443 214 2481 traam.
275 2429 383 2487 animus
398 2425 593 2501 didator,ma
613 2425 711 2489 istrum
729 2428 853 2509 equitum
860 2423 899 2483 fibi

237 2504 308 2585 legit
319 2506 364 2565 M.
377 2508 526 2571 AEmilium
537 2448 666 2567 Paubum
686 2529 694 2567 ε
712 2507 744 2566 id
754 2508 841 2588 tnagis
852 2524 902 2564 tre-

237 2584 298 2658 do,
314 2585 401 2667 quint
419 2586 461 2665 Q.
477 2587 605 2649 Fabium.
615 2589 649 2647 ed
668 2604 750 2647 aetate
771 2603 851 2667 atque
868 2585 899 2643 eit

238 2664 396 2726 honoribus
410 2666 528 2730 Valerio
543 2665 699 2747 subjetlum
716 2690 724 2727 :
740 2685 858 2727 ceterum
871 2681 898 2722 er

219 2771 220 2774 ¹
239 2743 361 2808 Maximi
380 2750 555 2889 copnomine
582 2766 677 2808 ortum
695 2767 820 2807 errorem
836 2741 897 2804 haud

231 2816 393 2890 abnuerim.
433 2826 557 2893 rofeiius
575 2827 695 2894 didator
708 2847 775 2892 tum
790 2826 896 2892 exercitu
