1950 3617
220 185 454 314 Lrnurt
511 242 560 317 Χ.
669 264 737 337 393

44 343 203 431 buirutiam
224 361 374 419 intentam
414 378 430 419 e
456 356 493 418 ad
511 360 738 499 oppugnandum
750 381 850 413 ει

46 439 144 517 coegit.
163 439 207 501 D.
226 440 358 501 Brutum
395 459 505 504 caevam
541 456 654 521 egamffi
671 460 739 500 ‘¹¹⁰¹
751 438 852 537 3ἑὶἓὲἶί

45 512 153 597 legione
174 523 294 601 prima,
319 522 354 581 &
371 520 473 579 decem
494 519 660 580 cohortibus
680 521 740 581 ala·

46 595 89 653 riis
104 602 301 687 equitatuque
313 602 357 661 ire
370 600 506 661 adversus
515 598 740 672 subsrdiumbos·
813 625 816 631 ·

45 674 112 752 tium
123 678 225 758 Juffit:
244 700 436 763 quocumque
453 682 483 738 in
501 680 567 740 loco
581 678 673 741 fuisset
687 681 740 742 ob-

47 756 124 829 vius,
135 759 296 821 obfisteret
309 783 343 821 ac
355 777 513 821 moraretur
524 781 534 835 ;
544 782 738 843 manumque,

48 827 156 908 fisorrb
169 843 211 900 ita
224 862 274 902 res
290 840 443 924 posceret,
462 839 606 902 conferret
621 864 628 903 ε
645 843 737 902 modb
765 853 840 913 ,Comi

49 934 81 973 ue
95 918 130 977 ad
146 918 330 983 Cominium
344 943 386 982 eae
403 923 496 1002 copiae
508 922 658 983 admoveri
675 920 738 1003 pos·
749 917 835 988 {libi

51 977 115 1058 ient.
135 999 203 1082 Ipse
224 1001 320 1063 scalas
341 1000 409 1061 ferri
427 1001 463 1061 ad
484 1023 583 1062 muros
602 1003 638 1063 ab
656 1005 739 1064 omni
749 1012 837 1051 ΨΜ·

51 1094 123 1211 pute
141 1083 224 1142 urbis
240 1081 341 1163 juffit,
358 1104 390 1141 ac
411 1079 552 1141 testudine
578 1082 615 1142 ad
641 1099 739 1164 portas

62 1158 172 1222 ucceffit
187 1185 195 1224 ε
212 1160 305 1223 fimul
326 1164 358 1224 ὃ(
379 1161 605 1245 refringebantur
625 1179 741 1243 portae,

53 1233 83 1295 δί
97 1240 141 1301 vis
162 1242 301 1326 undique
328 1245 359 1301 in
385 1263 483 1303 muros
509 1241 606 1303 fiebat.
628 1241 742 1303 Samni·

56 1319 232 1396 tes‚s1cut,
260 1341 417 1405 antequam
437 1324 468 1381 in
491 1325 578 1383 muris
607 1324 741 1385 viderent

58 1412 204 1478 armatos,
231 1404 300 1464 satis
318 1405 404 1463 animi
427 1403 585 1463 habuerunt
610 1405 646 1464 ad
672 1427 741 1488 pro-

59 1472 193 1544 hibendos
223 1486 310 1545 urbis
330 1484 407 1543 aditu
427 1481 550 1556 hostes,
576 1486 639 1559 ita,
662 1484 741 1568 post-

60 1573 134 1633 quam
152 1561 212 1624 'am
236 1586 303 1626 non
321 1585 358 1624 ex
386 1565 537 1626 intervallo
559 1585 611 1624 nec
634 1564 741 1626 miffili·

57 1632 121 1715 bus,
135 1586 186 1704 {bd
208 1647 350 1706 cominus
368 1644 517 1726 gerebatur
542 1664 609 1719 res3
628 1648 677 1718 bt,
690 1648 742 1727 qui

60 1734 125 1798 tegre
134 1721 328 1788 succefferant
341 1725 471 1803 explano
487 1727 517 1783 in
526 1745 644 1797 muros,
655 1727 742 1799 loco,

62 1815 141 1876 quem
160 1810 255 1890 magis
282 1809 455 1878 timuerant,
474 1803 578 1879 vitto,
603 1801 687 1865 facile
711 1807 745 1865 in

62 1873 166 1969 bostem
179 1889 331 1971 imparem
347 1906 383 1945 ex
400 1906 484 1966 aequo
503 1884 665 1967 pugnabant
673 1908 686 1966 3
704 1906 746 1946 re·

64 1954 129 2026 huis
140 1969 272 2030 turribus
288 1964 452 2047 murisque,
472 1968 502 2025 in
522 1964 618 2026 forum
641 1987 746 2027 omnes

69 2047 217 2126 coupalfi,
228 2045 375 2131 paulisper
389 2046 456 2105 inde
466 2063 646 2106 tentaverunt
657 2064 747 2105 extre·
808 2058 810 2064 '

70 2135 137 2183 mam
153 2151 192 2210 pu
214 2152 263 2189 nae
288 2126 440 2186 fortunam.
465 2124 611 2199 Deinde,
631 2124 747 2205 abjetiia

69 2208 165 2283 irmis3
175 2151 215 2270 ab
229 2208 368 2271 undecim
376 2205 466 2267 millia
474 2207 625 2267 hominurn
638 2208 671 2268 ὃ(
680 2226 748 2286 qua·

71 2280 207 2369 drbtgenti
219 2293 252 2350 in
265 2288 356 2349 fidem
366 2285 489 2348 consulis
500 2303 660 2346 venerunt:
679 2284 750 2345 caesa

71 2362 103 2442 id
118 2388 242 2449 quatuor
254 2370 344 2430 millia
355 2368 475 2428 trecenti
485 2364 638 2447 otioginta.
652 2364 697 2425 Sic
713 2365 750 2427 ad

73 2438 239 2513 Cominium
251 2497 262 2526 ‚
274 2449 311 2510 src
335 2451 371 2510 ad
391 2446 579 2529 Aquiloniam
598 2445 674 2529 gesta
692 2468 749 2508 res.

69 2516 139 2588 ,Inde
155 2533 258 2593 medio
279 2533 353 2589 inter
368 2530 437 2589 duas
456 2528 541 2589 urbes
563 2526 579 2586 s
596 2530 677 2602 atio,
699 2529 752 2588 ubi

72 2610 150 2668 tertia
168 2612 222 2672 exs
239 2610 328 2674 etima
349 2626 409 2669 erat
432 2631 471 2691 pu
491 2630 554 2683 na,
573 2550 668 2669 bostes
690 2629 752 2667 non

71 2682 197 2753 inventi:
213 2636 322 2774 ibptem
333 2691 421 2751 millia
434 2629 560 2771 pnbuum
569 2711 658 2772 quum
674 2686 753 2747 abes-

74 2760 133 2827 sent
156 2794 173 2831 a
196 2772 357 2846 Cominio,
377 2773 505 2834 revocati
526 2770 561 2829 ab
584 2769 639 2828 suis
660 2768 754 2827 neutri

75 2851 179 2932 Pisslio
189 2868 382 2918 occurrerunt.
390 2850 492 2940 Primis
508 2848 598 2987 fepme
609 2848 756 2920 tenebris,

574 2950 604 2990 v·
