1950 3617
245 253 313 345 248
441 257 478 328 T.
527 243 758 329 Lim

134 387 232 438 nne
243 372 312 432 inde
321 386 434 431 mutuus
446 370 581 454 utrosque
590 371 681 455 usque
693 373 730 433 ad
742 372 835 433 lucem
844 367 909 452 quie·

136 453 228 550 {gorg
245 469 291 513 tos
310 454 421 512 tenuit:
437 453 487 512 lux
503 474 607 536 pugnae
621 456 736 513 initium
754 452 809 512 fuit
821 474 830 526 ·,
840 469 909 533 quam

178 518 212 557 ‘³¹
229 532 234 544 ’
245 532 418 615 aliquamdiu
431 554 542 614 aequam
553 579 563 608 ,
576 537 608 595 ὃ(
622 538 690 616 quia
699 555 755 616 pro
771 536 825 592 aris
838 553 866 590 ac
873 529 910 589 fo·

244 617 285 673 cis
302 613 508 687 dimicabatur,
529 616 562 675 &
577 618 645 697 quia
661 636 699 674 ex
716 614 799 673 tediis
814 610 916 692 adjuva·-

244 694 295 754 bat
312 694 436 753 imbellis
455 694 633 768 multitudo,
653 711 751 754 tamen
769 690 910 775 Fregellani

245 772 442 834 sustinuerunt.
459 773 546 833 Fraus
564 775 669 834 deinde
685 795 748 850 rem
760 773 909 843 inclinavit,

246 853 328 935 qubd
339 873 447 915 vocent
456 854 546 914 audiri
560 857 701 936 praeconis
735 852 783 913 affi
793 852 909 926 sumde

247 936 376 994 columem
385 934 518 994 abitumm
530 938 577 1013 qui
585 956 661 994 anna
666 877 806 1015 podciffet.
814 939 856 993 Ea
864 931 908 1014 spo
940 979 941 984 κ

245 1011 354 1075 remifit
373 1035 389 1072 a
405 1016 559 1075 certamine
577 1018 709 1089 animos,
727 1018 762 1076 δι
773 1012 871 1095 paffim
880 1031 912 1070 tt·

246 1115 295 1155 ma
309 1092 402 1174 jadari
420 1113 524 1175 coepta.
545 1094 718 1155 Pertinacior
734 1115 801 1176 pars
826 1105 913 1153 armata

246 1195 300 1256 per
320 1173 446 1235 aversam
464 1192 578 1256 portam
597 1178 713 1257 erupit,
732 1172 914 1256 tutiorquetit

246 1255 365 1316 audacia
381 1254 458 1328 fuit,
480 1255 567 1336 quim
590 1259 718 1315 incautus
744 1255 782 1314 ad
811 1254 916 1314 creden-

247 1335 320 1394 tium
331 1337 432 1395 ceteris
442 1355 535 1416 pavor
546 1358 555 1410 3
605 1357 638 1395 os
652 1335 843 1398 circumdatos
852 1334 915 1415 igni,

246 1414 444 1496 nequidquam
468 1414 540 1474 deos
565 1357 718 1497 (ddemque
741 1418 915 1484 invocantes,

247 1492 389 1557 Samnites
405 1513 670 1555 concremaverunt.
683 1493 843 1568 Consules,
857 1497 917 1553 inter

247 1572 279 1635 se
294 1576 389 1655 partiti
408 1577 572 1655 provincias
582 1619 592 1649 ,
604 1574 730 1656 Papirius
744 1577 774 1633 in
794 1571 916 1656 Apuliam
943 1613 944 1618 κ

250 1654 288 1714 ad
304 1653 453 1715 Luceriam
472 1657 588 1737 pergit,
605 1656 655 1716 ubi
674 1656 785 1737 equites
806 1653 916 1715 Romani

249 1733 364 1799 obsides
380 1734 416 1796 ad
434 1732 579 1796 Caudium
598 1735 655 1795 dati
674 1732 917 1804 custodiebantut;
944 1793 945 1814 p

249 1813 387 1875 Publilius
398 1817 428 1873 in
440 1813 556 1875 Samnio
570 1814 690 1876 substitit
707 1814 841 1877 adversbs
851 1813 916 1875 Cau·

249 1894 332 1956 dinas
347 1895 486 1976 legiones.
500 1893 647 1955 Distendit
660 1916 694 1954 ea
704 1915 749 1955 tes
764 1895 916 1956 Samnitium

248 1976 382 2047 animos,
395 1975 475 2056 qubd
490 1996 544 2035 nec
556 1975 592 2035 ad
605 1975 756 2035 Luceriam
773 1978 831 2050 ire,
845 1972 915 2033 neab

250 2070 332 2150 tergo
350 2053 463 2114 instaret
479 2054 589 2130 hostis3
604 2075 658 2116 nec
674 2076 811 2128 manete,
826 2076 859 2114 ne
872 2054 916 2113 Lu·

250 2155 327 2195 certa
348 2136 461 2196 interim
481 2138 673 2207 amitteretur,
692 2133 756 2194 satis
784 2136 916 2195 audebant

251 2215 407 2296 Optimum
423 2214 515 2275 visum
536 2214 577 2275 est
594 2217 778 2275 committere
797 2236 856 2275 rem
870 2212 918 2272 lor·

251 2311 328 2355 tunae
339 2339 349 2370 ,
360 2298 393 2358 δι
410 2293 561 2377 transigere
571 2315 636 2355 cunt
645 2295 770 2355 Publilio
781 2311 916 2358 certamen.

254 2374 298 2439 Ita
338 2398 354 2437 e
371 2378 399 2439 in
418 2378 510 2438 aciem
527 2378 624 2457 copias
639 2375 774 2436 educunt.

115 2502 120 2510 1
159 2462 243 2526 ,Ρναῑῑθ
326 2456 376 2517 ΠΙ.
400 2453 550 2516 Adversits
615 2477 648 2515 os
672 2455 810 2515 Publilius
836 2449 916 2515 consul

144 2522 246 2618 iiiiii
257 2556 347 2618 quum
362 2537 544 2597 dimicaturus
560 2477 646 2610 εἶξε,
659 2537 737 2617 priits
747 2533 918 2616 alloquendos

145 2610 239 2699 gofffl‘·
258 2616 363 2684 milites
379 2633 476 2691 ratus,
494 2618 666 2677 concionem
684 2616 820 2676 advocari
836 2611 916 2696 julitttv

257 2715 384 2758 ceterum
399 2694 469 2757 ficut
486 2700 596 2778 ingenti
613 2697 755 2756 alacritate
776 2696 811 2755 ad
830 2709 917 2776 prato·

256 2772 919 2864 riumconcutsumest‚itaptaeclamoreposcett

254 2859 330 2928 tium
345 2877 471 2946 pugnant
487 2856 567 2921 nulla
579 2857 740 2925 adhortatio
757 2859 917 2944 imperatoris
