1950 3617
187 185 412 289 Ituna·
459 217 544 288 IX.
633 235 703 310 297

48 327 215 394 'udEtruscos
231 332 370 396 auertisset
386 355 394 395 t
409 334 503 415 itaque
521 332 605 394 armis
622 329 705 394 viris·
715 333 814 384 22³!

45 431 89 494 que
101 413 135 472 ad
149 414 338 475 obterendum
355 411 391 477 C.
403 413 546 476 Marcium
555 410 703 475 consulem
715 404 757 493 2⁴0⁰
767 418 816 505 3232

46 511 217 568 concurrunt,
259 497 367 556 rotinus
390 495 458 554 inde
486 494 628 555 Etruriam
649 514 702 576 per
734 479 815 577 A‘m„

48 568 138 633 Marsos
157 596 190 634 ac
205 518 325 636 Salinos
335 577 448 656 petituri
460 574 504 646 ,sr
521 574 646 635 Marcius
660 575 818 662 ditmlptm-

46 652 150 713 micandi
168 653 341 751 potestatem
352 676 411 714 non
428 653 520 715 saciat.
540 653 656 715 Obvius
669 657 703 714 iis
713 637 804 714 slsis?

43 731 123 793 consul
140 734 222 796 furt:
245 737 409 795 dimicatum
432 736 537 816 proelio
562 738 704 816 utrimque

42 816 132 887 atroci,
146 833 234 898 atque
251 818 360 875 incerto
374 832 479 876 eventu
496 814 537 876 est
551 816 603 889 3&
616 836 707 896 quum

42 912 129 975 anceps
150 896 247 956 caedes
266 893 375 968 fuisset,
396 894 521 957 adversae
546 913 641 954 tamen
663 897 706 955 rei

42 966 100 1032 sana
112 978 141 1033 in
157 976 310 1042 Romanos
325 976 426 1055 vortit,
445 975 484 1035 ob
500 974 610 1035 amillos
624 973 706 1057 quos-
786 998 792 1008 ·

42 1050 93 1111 dam
109 1055 248 1137 equestris
271 1055 397 1132 ordinis,
419 1054 603 1137 tribunosque
628 1055 706 1114 mili·

42 1148 107 1208 tum,
123 1155 210 1217 atque
227 1157 318 1196 unum
338 1136 476 1217 legatum,
494 1137 527 1197 dt
541 1134 645 1217 (quod
660 1137 706 1192 in-

42 1209 102 1350 stppre
121 1217 249 1275 maximi
267 1213 343 1297 suit)
355 1215 476 1284 consulis
493 1217 503 1273 i
525 1213 579 1288 srus
590 1215 707 1276 vulnus.

42 1288 63 1349 O
88 1295 146 1356 haec
157 1300 246 1359 etiam
258 1295 336 1356 anila
348 1293 424 1355 sami
437 1293 492 1373 (ut
501 1238 595 1375 sdlet)
605 1297 706 1377 ingens

42 1386 115 1436 lerror
138 1376 238 1437 Patres
262 1373 383 1448 invasit,
402 1375 625 1456 didatoremque
648 1376 706 1435 dici

42 1452 152 1531 placebat
172 1480 183 1533 ;
201 1477 279 1531 nec,
298 1458 367 1538 quin
384 1453 491 1515 Cursor
511 1454 637 1536 Papirius
660 1456 706 1514 di·

42 1552 155 1612 ceretur,
173 1540 205 1597 in
249 1558 287 1595 uo
312 1553 374 1596 tum
398 1531 507 1595 summa
530 1538 570 1595 rei
594 1536 707 1594 bellica

42 1615 206 1692 ponebatur,
227 1559 345 1676 dubium
356 1616 487 1698 cuiquam
501 1632 576 1676 erat:
590 1612 638 1674 sed
650 1636 710 1675 nec.

42 1692 221 1758 iuSamnium
246 1700 375 1758 nuntium
399 1695 545 1778 perferri,
572 1694 707 1755 omnibus

42 1772 154 1854 infestis,
172 1779 236 1837 tuto
252 1775 330 1858 posse
343 1822 353 1852 ‚
367 1797 421 1836 nec
437 1777 539 1835 vivere
563 1773 706 1835 Marcium

42 1854 173 1919 consulem
191 1857 254 1918 satis
275 1856 410 1917 fidebant.
429 1854 514 1915 Alter
540 1853 637 1914 consul
654 1854 707 1915 Fa·

42 1932 94 1995 bius
110 1937 228 1999 infestus
248 1938 380 2019 privatim
399 1935 512 2016 Papirio
532 1951 591 1995 etat
611 1958 621 2009 3
642 1957 708 2016 quae

42 2018 121 2077 neira
136 2016 262 2080 obstaret
285 2017 365 2077 bono
384 2016 521 2098 publico,
540 2015 566 2075 le
587 2032 649 2074 atos
670 2034 710 2076 ex

42 2095 218 2160 consularium
234 2119 353 2164 numero
372 2096 527 2158 mittendos
540 2036 586 2154 as
587 2115 653 2155 eum
665 2091 709 2153 se·
723 2095 727 2102 ’

42 2194 110 2238 tutus
127 2179 258 2253 censuit,
273 2180 321 2261 qui
339 2176 386 2237 sul
402 2196 518 2258 quoque
536 2196 623 2247 eum,
647 2194 711 2233 non

42 2256 146 2334 publici
164 2258 278 2336 solum,
296 2256 458 2320 audoritate
477 2271 654 2327 moverent,
677 2269 712 2314 ut

42 2344 201 2400 memoriam
225 2338 396 2400 simultatum
421 2339 518 2419 patriae
542 2337 710 2396 remitteret.
763 2359 768 2370 ¹

42 2412 153 2481 Profetti
170 2421 255 2502 legati
274 2420 309 2480 ad
325 2417 465 2491 Fabium,
482 2438 571 2498 quum
590 2412 730 2475 senatus.
761 2474 763 2476 ,

42 2497 190 2562 consultum
204 2498 399 2574 tradidissent,
416 2494 634 2578 adjecissentque
652 2517 712 2566 ora·

42 2579 140 2641 tionem
157 2582 380 2643 convenientem
401 2576 559 2650 mandatis,
583 2574 710 2649 consul,

43 2657 157 2745 depniffis
175 2663 320 2720 interram
335 2658 443 2733 oculis,
457 2661 557 2719 tacitus
572 2659 607 2717 ab
619 2659 710 2717 incer·
748 2684 821 2724 mnu

44 2739 88 2812 tis,
105 2741 240 2822 quidnam
251 2739 359 2801 adorus
372 2733 462 2812 effet,
478 2738 575 2821 legatis
584 2732 692 2796 receffit
700 2732 822 2822 {pff

44 2819 119 2882 noue
134 2821 239 2884 deinde
255 2819 366 2882 silentio
381 2816 430 2900 (ut
440 2839 514 2957 inq}
516 2815 577 2899 est)
588 2816 622 2877 L.
630 2814 715 2899 Papi:
721 2844 759 2873 rm
765 2830 825 2871 atei«

534 2917 555 2957 v
