1950 3617
190 226 417 298 ΜΒΝ
475 221 524 297 Χ.
636 239 708 326 335

27 334 151 403 bstulere
163 345 293 405 animos.
300 343 402 405 Romae
410 360 473 404 tum
484 342 625 405 desiderio
632 346 708 418 viri,
720 355 820 403 aa!

29 437 81 481 tum
96 425 344 485 incommoditate
362 427 523 515 temporis,
542 424 625 486 tristis
642 426 823 517 nun-{³3:5³2

28 501 74 560 tius
91 499 145 562 suit
165 521 226 579 3ut
248 504 345 565 Patres
364 506 399 565 ab
421 504 550 585 jubendo
574 504 709 567 didatore
735 504 740 515 '
764 486 812 526 '⁹’

29 580 140 643 consulis
158 583 341 667 subrogandi
364 587 500 658 comitia,
517 602 554 644 ex
575 583 712 646 sententia

29 663 183 744 principum
204 665 325 737 habita,
339 664 535 725 deterruerint.
557 664 601 725 M.
621 665 713 725 Vale·
736 681 823 748 inv.-

28 741 93 802 rium
111 743 272 805 consulem
291 763 391 805 omnes
408 744 552 805 sententie
566 738 818 837 centuriae-mm

29 841 77 911 que
92 823 217 900 dixere,
237 842 326 907 quem
348 824 457 886 senatus
470 825 636 886 didatorem
654 825 712 885 dici

30 900 136 980 jussurus
148 904 268 966 suerat:
286 922 348 965 tum
368 907 515 988 extemplo
531 908 560 964 in
572 905 714 965 Etruriam

32 980 62 1040 td
74 983 208 1066 legiones
230 984 374 1067 proficisci
384 983 469 1066 jussit
487 984 640 1046 Adventus
652 983 714 1065 ejus

32 1064 188 1144 eompreffit
205 1064 364 1137 Etruscos,
383 1066 458 1125 adeo
475 1082 508 1126 ut
527 1084 615 1124 nemo
635 1082 715 1125 extra

34 1146 149 1205 lumime
172 1160 204 1205 t'a
222 1146 324 1241 egredi
336 1146 468 1218 auderet,
481 1148 624 1227 timorque
637 1143 716 1226 ipso-

37 1241 89 1281 rum
102 1225 142 1285 ob
189 1228 257 1287 iom
274 1224 372 1287 similis
383 1224 467 1287 esset:
481 1244 575 1307 neque
586 1226 652 1285 illos
664 1246 716 1284 no·

36 1321 80 1360 vus
92 1304 194 1366 consul
211 1304 360 1369 vastandis
377 1308 450 1389 agris
468 1304 638 1388 urendisque
655 1317 715 1365 tec·

38 1380 86 1456 tit,
99 1405 191 1466 quum
202 1383 308 1469 passim
317 1406 377 1445 non
387 1387 465 1447 villae
477 1384 568 1446 solirm
579 1432 589 1461 ,
600 1385 649 1446 sed
661 1384 717 1447 frea

40 1480 147 1539 quentes
209 1485 291 1549 oque
312 1468 371 1527 vici
393 1467 532 1526 incendiis
554 1465 717 1539 fumarent,

43 1540 134 1605 elicere
154 1489 360 1607 ridlcertamen
371 1547 472 1627 potuit.
488 1544 591 1625 Quum
607 1547 663 1607 hoc
673 1546 719 1606 se-

43 1624 113 1700 gnius
129 1625 247 1687 bellum
258 1629 397 1709 opinione
412 1624 497 1698 ell'et,
510 1627 623 1687 alteriue
632 1627 718 1703 belli,

45 1703 113 1779 quod
126 1709 231 1769 multis
254 1709 284 1766 in
305 1709 402 1767 vicem
423 1706 549 1765 cladibus
566 1706 642 1766 haud
662 1709 720 1766 im·

24 1811 25 1816 ¹
49 1785 138 1846 nerito
147 1787 282 1849 terribile
296 1804 376 1858 erat,
391 1785 466 1845 fama
480 1785 653 1856 Picentium,
665 1808 720 1847 no·

48 1879 141 1925 vorum
157 1866 327 1940 sociorum,
338 1866 444 1926 indicio
461 1883 559 1926 exorta
572 1865 612 1926 est
623 1888 632 1940 ;
642 1864 721 1926 Sam·
752 1877 831 1922 samita

28 1971 31 1976 ·
50 1942 112 2002 nites
129 1968 211 2008 arma
228 1946 463 2009 &rebellionem
477 1945 618 2028 spellate,
633 1945 719 2029 seque
730 1940 815 2022 ἱὶἱιζξὲ,

24 2055 25 2058 “
51 2019 131 2085 abiis
150 2025 323 2090 sollicitatos·
351 2025 414 2087 esl'e.
437 2026 598 2086 Picentibus
625 2029 721 2109 gratiae

25 2131 31 2165 ι
53 2099 127 2178 ade,
139 2108 172 2168 δι
182 2128 289 2190 magna
297 2128 361 2189 pars
374 2127 448 2167 curae
457 2106 584 2166 Patribus
597 2105 632 2164 ab
643 2105 724 2167 Etru-

26 2209 31 2246 :
55 2181 122 2244 riain
132 2186 275 2268 Samnites
288 2185 369 2249 versa
388 2185 437 2246 est.
454 2183 563 2248 Caritas
577 2188 662 2245 etiam
675 2206 724 2244 an·

55 2279 128 2323 nonae
142 2268 294 2329 sollicitam
309 2269 453 2327 civitatem
464 2267 562 2327 habuit
572 2288 581 2340 3
591 2282 724 2326 ventum·

29 2373 31 2376 ¹
58 2351 106 2420 que
114 2349 147 2407 ad
162 2351 271 2430 inopiae
279 2348 411 2408 ultimum
422 2346 498 2406 soret
507 2388 517 2419 ‚
526 2363 558 2405 ut
569 2344 724 2427 scripsere,

58 2422 150 2500 quibus
167 2430 283 2490 aedilem
297 2424 376 2488 fuisse
387 2448 423 2487 eo
440 2447 515 2485 anno
532 2425 650 2485 Fabium
661 2426 724 2487 Ma·

29 2543 31 2546 .
60 2503 158 2566 timum
174 2509 328 2592 placet,ni
346 2504 407 2587 ejus
418 2508 472 2567 viri
491 2527 576 2581 cura,
593 2508 682 2588 qualis
694 2510 727 2570 in

60 2577 159 2647 bellicis
178 2591 262 2650 rebus
280 2588 376 2648 multis
385 2584 598 2668 tempestatibus
616 2586 727 2662 suerat,

61 2662 114 2724 talis
132 2668 291 2730 domitum
309 2670 338 2728 in
356 2688 475 2727 annonae
492 2666 726 2748 dispensatione,

64 2751 237 2828 praeparando
248 2771 281 2809 ac
290 2748 482 2810 convehendo
490 2747 651 2820 frumento,
663 2745 730 2804 suis·

63 2816 106 2885 stt
120 2826 165 2893 Eo
182 2851 258 2895 anno
279 2828 355 2912 (nee
377 2828 496 2893 traditur
518 2824 624 2905 eausa)
641 2828 731 2905 inrerg
