<?xml version="1.0" encoding="UTF-8"?>
<!DOCTYPE html PUBLIC "-//W3C//DTD XHTML 1.0 Transitional//EN"
    "http://www.w3.org/TR/xhtml1/DTD/xhtml1-transitional.dtd">
<html xmlns="http://www.w3.org/1999/xhtml" xml:lang="en" lang="en">
 <head>
  <title>
</title>
<meta http-equiv="Content-Type" content="text/html;charset=utf-8" />
  <meta name='ocr-system' content='tesseract 3.04.00' />
  <meta name='ocr-capabilities' content='ocr_page ocr_carea ocr_par ocr_line ocrx_word'/>
</head>
<body>
  <div class='ocr_page' id='page_1' title='image "./titiliviipatavi00unkngoog_0327.png"; bbox 0 0 1950 3617; ppageno 0'>
   <div class='ocr_carea' id='block_1_1' title="bbox 56 237 842 740">
    <p class='ocr_par' dir='ltr' id='par_1_1' title="bbox 56 237 842 740">
     <span class='ocr_line' id='line_1_1' title="bbox 215 237 734 335; baseline 0.012 -30"><span class='ocrx_word' id='word_1_1' title='bbox 215 238 334 307; x_wconf 73' lang='lat' dir='ltr'>ltu</span> <span class='ocrx_word' id='word_1_2' title='bbox 358 253 383 303; x_wconf 74' lang='lat' dir='ltr'>a</span> <span class='ocrx_word' id='word_1_3' title='bbox 407 253 433 304; x_wconf 83' lang='lat' dir='ltr'>n</span> <span class='ocrx_word' id='word_1_4' title='bbox 490 237 515 305; x_wconf 82' lang='grc' dir='ltr'><em>Ι</em></span> <span class='ocrx_word' id='word_1_5' title='bbox 525 239 574 308; x_wconf 88' lang='grc' dir='ltr'>Χ.</span> <span class='ocrx_word' id='word_1_6' title='bbox 662 262 734 335; x_wconf 79' lang='lat'>307</span> 
     </span>
     <span class='ocr_line' id='line_1_2' title="bbox 60 339 842 436; baseline 0.006 -27"><span class='ocrx_word' id='word_1_7' title='bbox 60 339 281 424; x_wconf 68' lang='lat' dir='ltr'>interconsulum</span> <span class='ocrx_word' id='word_1_8' title='bbox 291 351 378 414; x_wconf 83' lang='lat' dir='ltr'>castra</span> <span class='ocrx_word' id='word_1_9' title='bbox 387 354 842 436; x_wconf 80' lang='lat' dir='ltr'>intercepemnt,utper·==</span> 
     </span>
     <span class='ocr_line' id='line_1_3' title="bbox 60 430 842 538; baseline 0.008 -44"><span class='ocrx_word' id='word_1_10' title='bbox 60 430 155 527; x_wconf 59' lang='lat' dir='ltr'>vadere</span> <span class='ocrx_word' id='word_1_11' title='bbox 171 434 322 530; x_wconf 75' lang='lat' dir='ltr'>expeditus</span> <span class='ocrx_word' id='word_1_12' title='bbox 335 436 457 529; x_wconf 38' lang='lat' dir='ltr'>&#39;nuntius</span> <span class='ocrx_word' id='word_1_13' title='bbox 482 455 542 493; x_wconf 89' lang='lat' dir='ltr'>non</span> <span class='ocrx_word' id='word_1_14' title='bbox 561 432 671 529; x_wconf 72' lang='lat' dir='ltr'>puiset,</span> <span class='ocrx_word' id='word_1_15' title='bbox 697 435 842 538; x_wconf 44' lang='lat' dir='ltr'>&amp;EQ</span> 
     </span>
     <span class='ocr_line' id='line_1_4' title="bbox 56 512 729 740; baseline 0.009 -168"><span class='ocrx_word' id='word_1_16' title='bbox 56 512 230 740; x_wconf 54' lang='lat' dir='ltr'>ffahquot</span> <span class='ocrx_word' id='word_1_17' title='bbox 252 516 313 576; x_wconf 78' lang='lat' dir='ltr'>dies</span> <span class='ocrx_word' id='word_1_18' title='bbox 333 532 435 574; x_wconf 76' lang='lat' dir='ltr'>incerti</span> <span class='ocrx_word' id='word_1_19' title='bbox 456 535 551 574; x_wconf 89' lang='lat' dir='ltr'>terum</span> <span class='ocrx_word' id='word_1_20' title='bbox 575 537 729 591; x_wconf 79' lang='lat' dir='ltr'>omnium,</span> 
     </span>
    </p>
   </div>
   <div class='ocr_carea' id='block_1_2' title="bbox 55 347 58 364">
    <p class='ocr_par' dir='ltr' id='par_1_2' title="bbox 55 347 58 364">
     <span class='ocr_line' id='line_1_5' title="bbox 55 347 58 364; baseline 0 0"><span class='ocrx_word' id='word_1_21' title='bbox 55 347 58 364; x_wconf 82' lang='lat' dir='ltr'>i</span> 
     </span>
    </p>
   </div>
   <div class='ocr_carea' id='block_1_3' title="bbox 37 592 731 2826">
    <p class='ocr_par' dir='ltr' id='par_1_3' title="bbox 111 592 731 677">
     <span class='ocr_line' id='line_1_6' title="bbox 111 592 731 677; baseline 0.01 -26"><span class='ocrx_word' id='word_1_22' title='bbox 111 592 226 676; x_wconf 87' lang='lat' dir='ltr'>ensrque</span> <span class='ocrx_word' id='word_1_23' title='bbox 243 597 281 656; x_wconf 90' lang='lat' dir='ltr'>de</span> <span class='ocrx_word' id='word_1_24' title='bbox 296 594 366 655; x_wconf 83' lang='lat' dir='ltr'>statu</span> <span class='ocrx_word' id='word_1_25' title='bbox 381 595 516 665; x_wconf 86' lang='lat' dir='ltr'>alterius,</span> <span class='ocrx_word' id='word_1_26' title='bbox 530 611 731 677; x_wconf 79' lang='lat' dir='ltr'>uterquecon-</span> 
     </span>
    </p>

    <p class='ocr_par' dir='ltr' id='par_1_4' title="bbox 37 675 729 2826">
     <span class='ocr_line' id='line_1_7' title="bbox 103 675 729 757; baseline 0.013 -27"><span class='ocrx_word' id='word_1_27' title='bbox 103 691 221 755; x_wconf 83' lang='lat' dir='ltr'>ageret,</span> <span class='ocrx_word' id='word_1_28' title='bbox 238 675 421 757; x_wconf 78' lang='lat' dir='ltr'>Romamque</span> <span class='ocrx_word' id='word_1_29' title='bbox 436 677 460 734; x_wconf 84' lang='lat' dir='ltr'>is</span> <span class='ocrx_word' id='word_1_30' title='bbox 476 693 570 736; x_wconf 90' lang='lat' dir='ltr'>metus</span> <span class='ocrx_word' id='word_1_31' title='bbox 584 695 711 738; x_wconf 86' lang='lat' dir='ltr'>manaret</span> <span class='ocrx_word' id='word_1_32' title='bbox 716 702 729 753; x_wconf 78' lang='lat'>3</span> 
     </span>
     <span class='ocr_line' id='line_1_8' title="bbox 54 748 728 839; baseline 0.012 -30"><span class='ocrx_word' id='word_1_33' title='bbox 54 748 119 818; x_wconf 67' lang='lat' dir='ltr'>adeo</span> <span class='ocrx_word' id='word_1_34' title='bbox 130 771 160 814; x_wconf 91' lang='lat' dir='ltr'>ut</span> <span class='ocrx_word' id='word_1_35' title='bbox 178 777 284 817; x_wconf 80' lang='lat' dir='ltr'>omnes</span> <span class='ocrx_word' id='word_1_36' title='bbox 300 754 427 836; x_wconf 72' lang='lat' dir='ltr'>juniores</span> <span class='ocrx_word' id='word_1_37' title='bbox 443 754 617 816; x_wconf 86' lang='lat' dir='ltr'>sacramento</span> <span class='ocrx_word' id='word_1_38' title='bbox 631 757 728 839; x_wconf 86' lang='lat' dir='ltr'>adige·</span> 
     </span>
     <span class='ocr_line' id='line_1_9' title="bbox 53 833 725 919; baseline 0.01 -26"><span class='ocrx_word' id='word_1_39' title='bbox 53 845 157 908; x_wconf 77' lang='lat' dir='ltr'>rentur,</span> <span class='ocrx_word' id='word_1_40' title='bbox 177 852 266 919; x_wconf 87' lang='lat' dir='ltr'>atque</span> <span class='ocrx_word' id='word_1_41' title='bbox 285 836 320 896; x_wconf 88' lang='lat' dir='ltr'>ad</span> <span class='ocrx_word' id='word_1_42' title='bbox 343 835 433 896; x_wconf 87' lang='lat' dir='ltr'>subita</span> <span class='ocrx_word' id='word_1_43' title='bbox 456 855 552 896; x_wconf 86' lang='lat' dir='ltr'>rerum</span> <span class='ocrx_word' id='word_1_44' title='bbox 576 833 634 897; x_wconf 85' lang='lat' dir='ltr'>dno</span> <span class='ocrx_word' id='word_1_45' title='bbox 659 835 725 917; x_wconf 88' lang='lat' dir='ltr'>justi</span> 
     </span>
     <span class='ocr_line' id='line_1_10' title="bbox 54 901 724 982; baseline 0.016 -12"><span class='ocrx_word' id='word_1_46' title='bbox 54 901 228 982; x_wconf 76' lang='lat' dir='ltr'>scriberentur</span> <span class='ocrx_word' id='word_1_47' title='bbox 243 919 391 977; x_wconf 83' lang='lat' dir='ltr'>exercitus.</span> <span class='ocrx_word' id='word_1_48' title='bbox 414 912 553 977; x_wconf 84' lang='lat' dir='ltr'>Ceterum</span> <span class='ocrx_word' id='word_1_49' title='bbox 564 915 724 981; x_wconf 84' lang='lat' dir='ltr'>Hernicum</span> 
     </span>
     <span class='ocr_line' id='line_1_11' title="bbox 53 986 724 1079; baseline 0.012 -29"><span class='ocrx_word' id='word_1_50' title='bbox 53 986 147 1056; x_wconf 79' lang='lat' dir='ltr'>bellum</span> <span class='ocrx_word' id='word_1_51' title='bbox 172 1017 356 1079; x_wconf 81' lang='lat' dir='ltr'><strong>nequaquam</strong></span> <span class='ocrx_word' id='word_1_52' title='bbox 379 1017 434 1077; x_wconf 85' lang='lat' dir='ltr'>pro</span> <span class='ocrx_word' id='word_1_53' title='bbox 466 995 597 1078; x_wconf 80' lang='lat' dir='ltr'>praesenti</span> <span class='ocrx_word' id='word_1_54' title='bbox 632 1015 724 1058; x_wconf 87' lang='lat' dir='ltr'>terro·</span> 
     </span>
     <span class='ocr_line' id='line_1_12' title="bbox 51 1075 722 1159; baseline 0.015 -30"><span class='ocrx_word' id='word_1_55' title='bbox 51 1090 75 1129; x_wconf 85' lang='lat' dir='ltr'>re</span> <span class='ocrx_word' id='word_1_56' title='bbox 93 1095 123 1134; x_wconf 85' lang='lat' dir='ltr'>ac</span> <span class='ocrx_word' id='word_1_57' title='bbox 152 1075 295 1139; x_wconf 86' lang='lat' dir='ltr'>vetustate</span> <span class='ocrx_word' id='word_1_58' title='bbox 320 1078 412 1159; x_wconf 78' lang='lat' dir='ltr'>gentis</span> <span class='ocrx_word' id='word_1_59' title='bbox 437 1076 536 1158; x_wconf 81' lang='lat' dir='ltr'>gloriae</span> <span class='ocrx_word' id='word_1_60' title='bbox 553 1075 607 1137; x_wconf 86' lang='lat' dir='ltr'>fuit</span> <span class='ocrx_word' id='word_1_61' title='bbox 624 1100 632 1137; x_wconf 72' lang='grc' dir='ltr'><strong><em>ε</em></strong></span> <span class='ocrx_word' id='word_1_62' title='bbox 650 1078 722 1140; x_wconf 87' lang='lat' dir='ltr'><strong>nihil</strong></span> 
     </span>
     <span class='ocr_line' id='line_1_13' title="bbox 50 1150 721 1240; baseline 0.006 -26"><span class='ocrx_word' id='word_1_63' title='bbox 50 1150 154 1233; x_wconf 81' lang='lat' dir='ltr'>usquam</span> <span class='ocrx_word' id='word_1_64' title='bbox 183 1155 263 1217; x_wconf 72' lang='lat' dir='ltr'>dictu</span> <span class='ocrx_word' id='word_1_65' title='bbox 285 1157 403 1240; x_wconf 82' lang='lat' dir='ltr'>dignum</span> <span class='ocrx_word' id='word_1_66' title='bbox 423 1153 500 1228; x_wconf 83' lang='lat' dir='ltr'>aufi,</span> <span class='ocrx_word' id='word_1_67' title='bbox 518 1158 598 1216; x_wconf 90' lang='lat' dir='ltr'>trinis</span> <span class='ocrx_word' id='word_1_68' title='bbox 625 1155 721 1219; x_wconf 87' lang='lat' dir='ltr'>castris</span> 
     </span>
     <span class='ocr_line' id='line_1_14' title="bbox 48 1231 719 1317; baseline 0.016 -28"><span class='ocrx_word' id='word_1_69' title='bbox 48 1231 110 1293; x_wconf 88' lang='lat' dir='ltr'>iutra</span> <span class='ocrx_word' id='word_1_70' title='bbox 128 1258 239 1317; x_wconf 87' lang='lat' dir='ltr'>paucos</span> <span class='ocrx_word' id='word_1_71' title='bbox 261 1238 321 1298; x_wconf 91' lang='lat' dir='ltr'>dies</span> <span class='ocrx_word' id='word_1_72' title='bbox 342 1236 453 1310; x_wconf 84' lang='lat' dir='ltr'>exsuti,</span> <span class='ocrx_word' id='word_1_73' title='bbox 471 1239 508 1296; x_wconf 91' lang='lat' dir='ltr'>tri</span> <span class='ocrx_word' id='word_1_74' title='bbox 530 1238 587 1296; x_wconf 88' lang='lat' dir='ltr'>inta</span> <span class='ocrx_word' id='word_1_75' title='bbox 606 1237 719 1300; x_wconf 89' lang='lat' dir='ltr'>dierum</span> 
     </span>
     <span class='ocr_line' id='line_1_15' title="bbox 46 1258 691 1391; baseline 0.012 -21"><span class='ocrx_word' id='word_1_76' title='bbox 46 1311 187 1391; x_wconf 88' lang='lat' dir='ltr'>inducias,</span> <span class='ocrx_word' id='word_1_77' title='bbox 200 1320 240 1377; x_wconf 85' lang='lat' dir='ltr'>ita</span> <span class='ocrx_word' id='word_1_78' title='bbox 253 1335 284 1379; x_wconf 87' lang='lat' dir='ltr'>ut</span> <span class='ocrx_word' id='word_1_79' title='bbox 303 1317 340 1377; x_wconf 91' lang='lat' dir='ltr'>ad</span> <span class='ocrx_word' id='word_1_80' title='bbox 357 1316 484 1377; x_wconf 87' lang='lat' dir='ltr'>senatum</span> <span class='ocrx_word' id='word_1_81' title='bbox 504 1258 630 1377; x_wconf 66' lang='lat' dir='ltr'>Homam</span> <span class='ocrx_word' id='word_1_82' title='bbox 645 1317 691 1378; x_wconf 74' lang='lat' dir='ltr'>leo</span> 
     </span>
     <span class='ocr_line' id='line_1_16' title="bbox 47 1340 721 1480; baseline 0.016 -30"><span class='ocrx_word' id='word_1_83' title='bbox 47 1408 86 1452; x_wconf 85' lang='lat' dir='ltr'>tos</span> <span class='ocrx_word' id='word_1_84' title='bbox 97 1400 262 1471; x_wconf 85' lang='lat' dir='ltr'>mitterent,</span> <span class='ocrx_word' id='word_1_85' title='bbox 277 1396 351 1480; x_wconf 70' lang='lat' dir='ltr'>paui</span> <span class='ocrx_word' id='word_1_86' title='bbox 365 1395 427 1458; x_wconf 85' lang='lat' dir='ltr'>sunt</span> <span class='ocrx_word' id='word_1_87' title='bbox 437 1395 564 1456; x_wconf 85' lang='lat' dir='ltr'>bimestri</span> <span class='ocrx_word' id='word_1_88' title='bbox 575 1340 721 1479; x_wconf 59' lang='lat' dir='ltr'>stipendio</span> 
     </span>
     <span class='ocr_line' id='line_1_17' title="bbox 46 1470 719 1560; baseline 0.009 -26"><span class='ocrx_word' id='word_1_89' title='bbox 46 1470 239 1559; x_wconf 83' lang='lat' dir='ltr'>frumentoque</span> <span class='ocrx_word' id='word_1_90' title='bbox 253 1524 263 1553; x_wconf 91' lang='lat'><strong>,</strong></span> <span class='ocrx_word' id='word_1_91' title='bbox 282 1480 315 1541; x_wconf 88' lang='lat'>&amp;</span> <span class='ocrx_word' id='word_1_92' title='bbox 329 1476 444 1560; x_wconf 78' lang='lat' dir='ltr'>{iugulis</span> <span class='ocrx_word' id='word_1_93' title='bbox 463 1478 494 1537; x_wconf 92' lang='lat' dir='ltr'>in</span> <span class='ocrx_word' id='word_1_94' title='bbox 506 1477 627 1539; x_wconf 85' lang='lat' dir='ltr'>militem</span> <span class='ocrx_word' id='word_1_95' title='bbox 645 1482 719 1540; x_wconf 88' lang='lat' dir='ltr'>tuni-</span> 
     </span>
     <span class='ocr_line' id='line_1_18' title="bbox 47 1554 720 1637; baseline 0.015 -26"><span class='ocrx_word' id='word_1_96' title='bbox 47 1554 89 1615; x_wconf 83' lang='lat' dir='ltr'>cis.</span> <span class='ocrx_word' id='word_1_97' title='bbox 106 1556 154 1620; x_wconf 83' lang='lat' dir='ltr'>Ab</span> <span class='ocrx_word' id='word_1_98' title='bbox 176 1557 272 1619; x_wconf 88' lang='lat' dir='ltr'>senatu</span> <span class='ocrx_word' id='word_1_99' title='bbox 286 1558 322 1618; x_wconf 91' lang='lat' dir='ltr'>ad</span> <span class='ocrx_word' id='word_1_100' title='bbox 337 1556 480 1618; x_wconf 87' lang='lat' dir='ltr'>Marcium</span> <span class='ocrx_word' id='word_1_101' title='bbox 497 1556 609 1637; x_wconf 54' lang='lat' dir='ltr'>rejedih</span> <span class='ocrx_word' id='word_1_102' title='bbox 621 1561 667 1619; x_wconf 89' lang='lat' dir='ltr'>cui</span> <span class='ocrx_word' id='word_1_103' title='bbox 679 1558 720 1621; x_wconf 90' lang='lat' dir='ltr'>se·</span> 
     </span>
     <span class='ocr_line' id='line_1_19' title="bbox 46 1635 716 1721; baseline 0.01 -28"><span class='ocrx_word' id='word_1_104' title='bbox 46 1636 246 1699; x_wconf 87' lang='lat' dir='ltr'>uatusconsulto</span> <span class='ocrx_word' id='word_1_105' title='bbox 263 1635 426 1721; x_wconf 81' lang='lat' dir='ltr'>permiffum</span> <span class='ocrx_word' id='word_1_106' title='bbox 441 1637 478 1697; x_wconf 88' lang='lat' dir='ltr'>de</span> <span class='ocrx_word' id='word_1_107' title='bbox 496 1637 628 1699; x_wconf 79' lang='lat' dir='ltr'>Hernicis</span> <span class='ocrx_word' id='word_1_108' title='bbox 638 1657 716 1716; x_wconf 79' lang='lat' dir='ltr'>erat3</span> 
     </span>
     <span class='ocr_line' id='line_1_20' title="bbox 47 1711 714 1801; baseline 0.006 -23"><span class='ocrx_word' id='word_1_109' title='bbox 47 1711 113 1796; x_wconf 73' lang='lat' dir='ltr'>isque</span> <span class='ocrx_word' id='word_1_110' title='bbox 128 1740 194 1779; x_wconf 89' lang='lat' dir='ltr'>earn</span> <span class='ocrx_word' id='word_1_111' title='bbox 212 1736 328 1801; x_wconf 87' lang='lat' dir='ltr'>gentem</span> <span class='ocrx_word' id='word_1_112' title='bbox 346 1722 376 1777; x_wconf 93' lang='lat' dir='ltr'>in</span> <span class='ocrx_word' id='word_1_113' title='bbox 394 1717 572 1777; x_wconf 89' lang='lat' dir='ltr'>deditionem</span> <span class='ocrx_word' id='word_1_114' title='bbox 594 1722 714 1801; x_wconf 72' lang='lat' dir='ltr'>accepit.</span> 
     </span>
     <span class='ocr_line' id='line_1_21' title="bbox 46 1790 715 1879; baseline 0.01 -26"><span class='ocrx_word' id='word_1_115' title='bbox 46 1790 77 1854; x_wconf 81' lang='lat' dir='ltr'>Et</span> <span class='ocrx_word' id='word_1_116' title='bbox 93 1799 121 1857; x_wconf 89' lang='lat' dir='ltr'>in</span> <span class='ocrx_word' id='word_1_117' title='bbox 138 1798 258 1861; x_wconf 81' lang='lat' dir='ltr'>Samnio</span> <span class='ocrx_word' id='word_1_118' title='bbox 280 1799 351 1859; x_wconf 88' lang='lat' dir='ltr'>alter</span> <span class='ocrx_word' id='word_1_119' title='bbox 376 1795 475 1859; x_wconf 89' lang='lat' dir='ltr'>consul</span> <span class='ocrx_word' id='word_1_120' title='bbox 499 1795 626 1879; x_wconf 87' lang='lat' dir='ltr'>superior</span> <span class='ocrx_word' id='word_1_121' title='bbox 645 1803 715 1861; x_wconf 90' lang='lat' dir='ltr'>viri-</span> 
     </span>
     <span class='ocr_line' id='line_1_22' title="bbox 44 1872 716 1960; baseline 0.013 -25"><span class='ocrx_word' id='word_1_122' title='bbox 44 1872 90 1935; x_wconf 85' lang='lat' dir='ltr'>bus</span> <span class='ocrx_word' id='word_1_123' title='bbox 103 1922 112 1952; x_wconf 88' lang='lat'><strong>,</strong></span> <span class='ocrx_word' id='word_1_124' title='bbox 126 1880 201 1940; x_wconf 80' lang='lat' dir='ltr'>locis</span> <span class='ocrx_word' id='word_1_125' title='bbox 214 1878 379 1960; x_wconf 87' lang='lat' dir='ltr'>impeditior</span> <span class='ocrx_word' id='word_1_126' title='bbox 400 1893 468 1938; x_wconf 87' lang='lat' dir='ltr'>erat.</span> <span class='ocrx_word' id='word_1_127' title='bbox 488 1874 598 1939; x_wconf 87' lang='lat' dir='ltr'>Omnia</span> <span class='ocrx_word' id='word_1_128' title='bbox 614 1880 716 1944; x_wconf 86' lang='lat' dir='ltr'>itinera</span> 
     </span>
     <span class='ocr_line' id='line_1_23' title="bbox 45 1954 715 2039; baseline 0.012 -27"><span class='ocrx_word' id='word_1_129' title='bbox 45 1954 214 2039; x_wconf 83' lang='lat' dir='ltr'>obsepserant</span> <span class='ocrx_word' id='word_1_130' title='bbox 230 1957 345 2032; x_wconf 79' lang='lat' dir='ltr'>hostes,</span> <span class='ocrx_word' id='word_1_131' title='bbox 361 1955 502 2038; x_wconf 82' lang='lat' dir='ltr'>saltusque</span> <span class='ocrx_word' id='word_1_132' title='bbox 524 1961 641 2038; x_wconf 86' lang='lat' dir='ltr'>pervios</span> <span class='ocrx_word' id='word_1_133' title='bbox 664 1981 715 2020; x_wconf 85' lang='lat' dir='ltr'>ce·</span> 
     </span>
     <span class='ocr_line' id='line_1_24' title="bbox 43 2037 713 2122; baseline 0.006 -27"><span class='ocrx_word' id='word_1_134' title='bbox 43 2054 154 2117; x_wconf 88' lang='lat' dir='ltr'>perant,</span> <span class='ocrx_word' id='word_1_135' title='bbox 169 2061 207 2100; x_wconf 90' lang='lat' dir='ltr'>ne</span> <span class='ocrx_word' id='word_1_136' title='bbox 230 2039 288 2122; x_wconf 72' lang='lat' dir='ltr'>qud</span> <span class='ocrx_word' id='word_1_137' title='bbox 306 2037 426 2099; x_wconf 87' lang='lat' dir='ltr'>subvehi</span> <span class='ocrx_word' id='word_1_138' title='bbox 450 2055 626 2098; x_wconf 86' lang='lat' dir='ltr'>commeatus</span> <span class='ocrx_word' id='word_1_139' title='bbox 646 2039 713 2119; x_wconf 91' lang='lat' dir='ltr'>pos·</span> 
     </span>
     <span class='ocr_line' id='line_1_25' title="bbox 44 2112 713 2201; baseline 0.009 -26"><span class='ocrx_word' id='word_1_140' title='bbox 44 2112 119 2193; x_wconf 85' lang='lat' dir='ltr'>senr;</span> <span class='ocrx_word' id='word_1_141' title='bbox 137 2139 231 2201; x_wconf 86' lang='lat' dir='ltr'>neque</span> <span class='ocrx_word' id='word_1_142' title='bbox 251 2139 321 2193; x_wconf 88' lang='lat' dir='ltr'>eos,</span> <span class='ocrx_word' id='word_1_143' title='bbox 337 2138 426 2201; x_wconf 90' lang='lat' dir='ltr'>quum</span> <span class='ocrx_word' id='word_1_144' title='bbox 483 2116 573 2177; x_wconf 90' lang='lat' dir='ltr'>otidie</span> <span class='ocrx_word' id='word_1_145' title='bbox 593 2116 670 2200; x_wconf 78' lang='lat' dir='ltr'>signa</span> <span class='ocrx_word' id='word_1_146' title='bbox 681 2121 713 2182; x_wconf 88' lang='lat' dir='ltr'>in</span> 
     </span>
     <span class='ocr_line' id='line_1_26' title="bbox 43 2196 713 2280; baseline 0 -22"><span class='ocrx_word' id='word_1_147' title='bbox 43 2196 124 2259; x_wconf 77' lang='lat' dir='ltr'>aciem</span> <span class='ocrx_word' id='word_1_148' title='bbox 139 2199 237 2264; x_wconf 86' lang='lat' dir='ltr'>consul</span> <span class='ocrx_word' id='word_1_149' title='bbox 261 2197 422 2280; x_wconf 78' lang='lat' dir='ltr'>proferret,</span> <span class='ocrx_word' id='word_1_150' title='bbox 440 2197 544 2257; x_wconf 85' lang='lat' dir='ltr'>e&#39;cere</span> <span class='ocrx_word' id='word_1_151' title='bbox 565 2196 602 2258; x_wconf 92' lang='lat' dir='ltr'>ad</span> <span class='ocrx_word' id='word_1_152' title='bbox 626 2216 713 2259; x_wconf 85' lang='lat' dir='ltr'>certa-</span> 
     </span>
     <span class='ocr_line' id='line_1_27' title="bbox 41 2276 712 2361; baseline 0.004 -25"><span class='ocrx_word' id='word_1_153' title='bbox 41 2293 99 2336; x_wconf 81' lang='lat' dir='ltr'>men</span> <span class='ocrx_word' id='word_1_154' title='bbox 106 2297 216 2360; x_wconf 85' lang='lat' dir='ltr'>poterat</span> <span class='ocrx_word' id='word_1_155' title='bbox 224 2302 234 2353; x_wconf 81' lang='lat'>3</span> <span class='ocrx_word' id='word_1_156' title='bbox 243 2278 363 2361; x_wconf 81' lang='lat' dir='ltr'>satisque</span> <span class='ocrx_word' id='word_1_157' title='bbox 369 2277 523 2359; x_wconf 83' lang='lat' dir='ltr'>apparebat</span> <span class='ocrx_word' id='word_1_158' title='bbox 530 2298 624 2360; x_wconf 88' lang='lat' dir='ltr'>neque</span> <span class='ocrx_word' id='word_1_159' title='bbox 635 2276 712 2339; x_wconf 77' lang='lat' dir='ltr'>Sam·</span> 
     </span>
     <span class='ocr_line' id='line_1_28' title="bbox 42 2356 712 2433; baseline 0.016 -20"><span class='ocrx_word' id='word_1_160' title='bbox 42 2357 122 2418; x_wconf 79' lang='lat' dir='ltr'>uitem</span> <span class='ocrx_word' id='word_1_161' title='bbox 143 2378 286 2421; x_wconf 83' lang='lat' dir='ltr'>certamen</span> <span class='ocrx_word' id='word_1_162' title='bbox 327 2356 447 2433; x_wconf 77' lang='lat' dir='ltr'>raesens,</span> <span class='ocrx_word' id='word_1_163' title='bbox 465 2378 533 2417; x_wconf 23' lang='lat' dir='ltr'>nec*</span> <span class='ocrx_word' id='word_1_164' title='bbox 545 2356 712 2424; x_wconf 85' lang='lat' dir='ltr'>Romanum</span> 
     </span>
     <span class='ocr_line' id='line_1_29' title="bbox 40 2381 711 2502; baseline 0.01 -9"><span class='ocrx_word' id='word_1_165' title='bbox 40 2434 197 2502; x_wconf 86' lang='lat' dir='ltr'>dilationem</span> <span class='ocrx_word' id='word_1_166' title='bbox 215 2441 285 2501; x_wconf 90' lang='lat' dir='ltr'>belli</span> <span class='ocrx_word' id='word_1_167' title='bbox 306 2381 436 2499; x_wconf 66' lang='lat' dir='ltr'>ddtutum.</span> <span class='ocrx_word' id='word_1_168' title='bbox 456 2436 609 2500; x_wconf 84' lang='lat' dir='ltr'>Adventus</span> <span class='ocrx_word' id='word_1_169' title='bbox 632 2438 711 2500; x_wconf 83' lang='lat' dir='ltr'>Mar·</span> 
     </span>
     <span class='ocr_line' id='line_1_30' title="bbox 40 2518 709 2604; baseline 0 -22"><span class='ocrx_word' id='word_1_170' title='bbox 40 2519 85 2593; x_wconf 75' lang='lat' dir='ltr'>tii,</span> <span class='ocrx_word' id='word_1_171' title='bbox 100 2525 167 2604; x_wconf 85' lang='lat' dir='ltr'>qui,</span> <span class='ocrx_word' id='word_1_172' title='bbox 183 2521 317 2583; x_wconf 87' lang='lat' dir='ltr'>Hernicis</span> <span class='ocrx_word' id='word_1_173' title='bbox 335 2518 473 2592; x_wconf 75' lang='lat' dir='ltr'>subactis,</span> <span class='ocrx_word' id='word_1_174' title='bbox 487 2519 637 2580; x_wconf 81' lang='lat' dir='ltr'>maturavit</span> <span class='ocrx_word' id='word_1_175' title='bbox 648 2521 709 2583; x_wconf 83' lang='lat' dir='ltr'>col·</span> 
     </span>
     <span class='ocr_line' id='line_1_31' title="bbox 38 2595 710 2679; baseline 0.004 -19"><span class='ocrx_word' id='word_1_176' title='bbox 38 2595 101 2679; x_wconf 80' lang='lat' dir='ltr'>lega</span> <span class='ocrx_word' id='word_1_177' title='bbox 123 2605 224 2663; x_wconf 85' lang='lat' dir='ltr'>venire</span> <span class='ocrx_word' id='word_1_178' title='bbox 251 2601 387 2672; x_wconf 85' lang='lat' dir='ltr'>auxilio,</span> <span class='ocrx_word' id='word_1_179' title='bbox 412 2619 524 2660; x_wconf 90' lang='lat' dir='ltr'>moram</span> <span class='ocrx_word' id='word_1_180' title='bbox 548 2602 710 2663; x_wconf 85' lang='lat' dir='ltr'>certaminis</span> 
     </span>
     <span class='ocr_line' id='line_1_32' title="bbox 37 2675 709 2762; baseline 0.001 -22"><span class='ocrx_word' id='word_1_181' title='bbox 37 2675 102 2740; x_wconf 84' lang='lat' dir='ltr'>hosti</span> <span class='ocrx_word' id='word_1_182' title='bbox 115 2685 248 2745; x_wconf 72' lang='lat' dir='ltr'>extruite</span> <span class='ocrx_word' id='word_1_183' title='bbox 271 2701 361 2753; x_wconf 86' lang='lat' dir='ltr'>nam,</span> <span class='ocrx_word' id='word_1_184' title='bbox 380 2695 411 2741; x_wconf 86' lang='lat' dir='ltr'>ut</span> <span class='ocrx_word' id='word_1_185' title='bbox 427 2681 477 2762; x_wconf 86' lang='lat' dir='ltr'>qui</span> <span class='ocrx_word' id='word_1_186' title='bbox 492 2699 529 2740; x_wconf 85' lang='lat' dir='ltr'>ne</span> <span class='ocrx_word' id='word_1_187' title='bbox 547 2679 626 2740; x_wconf 85' lang='lat' dir='ltr'>alteri</span> <span class='ocrx_word' id='word_1_188' title='bbox 687 2684 709 2741; x_wconf 85' lang='lat' dir='ltr'>i·</span> 
     </span>
     <span class='ocr_line' id='line_1_33' title="bbox 37 2756 710 2826; baseline 0 -6"><span class='ocrx_word' id='word_1_189' title='bbox 37 2756 96 2820; x_wconf 83' lang='lat' dir='ltr'>dem</span> <span class='ocrx_word' id='word_1_190' title='bbox 113 2764 248 2824; x_wconf 80' lang='lat' dir='ltr'>exercitui</span> <span class='ocrx_word' id='word_1_191' title='bbox 266 2760 294 2822; x_wconf 91' lang='lat' dir='ltr'>se</span> <span class='ocrx_word' id='word_1_192' title='bbox 311 2761 348 2821; x_wconf 90' lang='lat' dir='ltr'>ad</span> <span class='ocrx_word' id='word_1_193' title='bbox 364 2775 508 2821; x_wconf 87' lang='lat' dir='ltr'>certamen</span> <span class='ocrx_word' id='word_1_194' title='bbox 528 2760 606 2820; x_wconf 88' lang='lat' dir='ltr'>credi</span> <span class='ocrx_word' id='word_1_195' title='bbox 628 2761 633 2772; x_wconf 88' lang='lat'>&#39;</span> <span class='ocrx_word' id='word_1_196' title='bbox 658 2778 710 2826; x_wconf 85' lang='lat' dir='ltr'>ent</span> 
     </span>
    </p>
   </div>
   <div class='ocr_carea' id='block_1_4' title="bbox 36 2837 709 2930">
    <p class='ocr_par' dir='ltr' id='par_1_5' title="bbox 36 2837 709 2930">
     <span class='ocr_line' id='line_1_34' title="bbox 36 2837 709 2930; baseline -0.001 -24"><span class='ocrx_word' id='word_1_197' title='bbox 36 2856 110 2921; x_wconf 70' lang='lat' dir='ltr'>pates</span> <span class='ocrx_word' id='word_1_198' title='bbox 120 2887 130 2921; x_wconf 87' lang='lat'>,</span> <span class='ocrx_word' id='word_1_199' title='bbox 141 2841 278 2930; x_wconf 77' lang='lat' dir='ltr'>conjungi</span> <span class='ocrx_word' id='word_1_200' title='bbox 290 2844 389 2929; x_wconf 71' lang='lat' dir='ltr'>utique</span> <span class='ocrx_word' id='word_1_201' title='bbox 402 2837 471 2928; x_wconf 70' lang='lat' dir='ltr'>pcffi</span> <span class='ocrx_word' id='word_1_202' title='bbox 488 2839 562 2903; x_wconf 86' lang='lat' dir='ltr'>duos</span> <span class='ocrx_word' id='word_1_203' title='bbox 576 2837 709 2916; x_wconf 58' lang='lat' dir='ltr'>consula2</span> 
     </span>
    </p>
   </div>
   <div class='ocr_carea' id='block_1_5' title="bbox 0 0 980 3617">
    <p class='ocr_par' dir='ltr' id='par_1_6' title="bbox 0 0 980 3617">
     <span class='ocr_line' id='line_1_35' title="bbox 0 0 980 3617; baseline 0 5"><span class='ocrx_word' id='word_1_204' title='bbox 0 0 980 3617; x_wconf 95' lang='lat' dir='ltr'> </span> 
     </span>
    </p>
   </div>
  </div>
 </body>
</html>
