1950 3617
239 258 305 334 188
431 261 468 330 T.
518 263 791 332 errr‘

126 387 225 434 {aa
237 377 327 439 fidene
346 379 555 460 reciperentur:
565 378 605 438 Si·
618 401 638 439 a
653 377 825 439 Samnitium
841 377 923 438 armis

127 455 922 619 irruiturus:susurrum

238 619 274 678 ab
289 618 385 679 senatu
394 562 505 701 iegati,
520 585 775 701 denuntiatumque
791 617 919 678 Samniti·

237 699 292 759 bus
301 743 311 773 ,
320 715 458 759 uteorum
467 697 644 779 populorum
655 697 836 760 finibusvim
843 695 918 759 absti-

237 796 360 851 nerent,
372 780 519 860 valuitque
530 798 563 838 ea
576 779 701 872 legatio,
712 800 775 881 pon
786 795 850 839 tarn
860 780 917 861 quin

154 856 920 1020 n„ruruzuuffurrrurruun

131 993 211 1080 iiim*
239 1019 387 1081 Privernas
404 1019 515 1079 bellurn
528 1020 630 1080 initum
648 1042 659 1093 3
674 1017 755 1099 cujus
770 1018 842 1081 socii
855 1021 919 1080 Fun·

241 1099 326 1174 dani,
344 1099 403 1160 dux
416 1101 502 1160 etiarn
516 1098 667 1166 Fundanus
684 1099 739 1159 suit
749 1144 760 1174 ,
772 1099 920 1162 Vitruvius

239 1179 374 1253 Vaccus,
390 1180 436 1238 vir
452 1199 511 1239 non
533 1179 615 1239 dorni
634 1178 747 1254 solum,
765 1178 817 1241 sed
838 1183 921 1242 etiam

240 1259 344 1322 Romae
359 1259 450 1320 clarus
465 1282 472 1320 z
488 1257 566 1319 aedes
580 1258 661 1321 suere
677 1263 707 1320 in
723 1259 835 1322 Palatio
846 1261 920 1340 ejus,

241 1362 305 1422 quae
322 1339 412 1402 Vacci
428 1356 524 1421 prata,
540 1340 635 1401 diruto
652 1339 778 1401 aedificio
800 1343 921 1424 publica·

239 1436 273 1481 to
294 1440 329 1481 ue
357 1418 446 1491 solo,
468 1442 484 1481 a
505 1421 618 1501 pellata.
646 1420 797 1482 Adversus
826 1424 919 1496 huuc,

241 1443 399 1562 vastantem
409 1442 504 1559 effus}
509 1499 643 1561 Setinum
649 1500 679 1561 N
681 1501 880 1585 urbanumque
893 1505 920 1565 ὅ(

243 1579 390 1642 Coranum
408 1600 425 1640 a
444 1601 528 1654 rum,
551 1580 583 1641 L.
604 1580 730 1662 Papirius
755 1582 921 1663 professus,

242 1662 319 1722 haud
342 1600 444 1742 procui
465 1659 560 1721 castris
584 1659 645 1740 ejus
672 1660 811 1723 consedit.
829 1664 919 1724 Vitru-
957 1689 958 1692 ¹

242 1743 294 1802 vio
313 1761 387 1816 nec,
406 1758 436 1801 ut
451 1741 528 1800 vallo
545 1740 573 1801 se
590 1758 702 1804 teneret
720 1742 858 1805 adversius
877 1764 918 1804 va·

243 1820 379 1881 lidiorem
402 1819 541 1895 hostem,
569 1819 633 1880 sana
661 1821 791 1883 constare
818 1827 923 1896 ιιιειις,1
958 1828 960 1890 3

243 1920 298 1960 nec
318 1917 350 1959 ut
371 1900 483 1981 longius
512 1899 643 1964 acastris
672 1902 848 1979 dimicaret,
866 1905 917 1963 ani·
959 1913 960 1924 ³

244 2001 309 2044 mus
330 1978 479 2060 suppetere
501 2000 508 2038 :
533 1982 585 2041 vix
612 1981 674 2043 toti
698 2000 778 2043 extra
809 2002 914 2068 portam

244 2059 400 2122 castrorum
426 2060 566 2141 explicati
595 2064 681 2136 acie,
709 2062 808 2145 sugam
835 2065 915 2146 magis

244 2158 351 2214 retro,
395 2139 461 2208 uim
509 2142 623 2201 roelium
647 2158 694 2202 aut
713 2143 860 2205 hostems
890 2165 916 2203 c·

246 2238 323 2282 tante
341 2161 432 2281 miiite
449 2263 459 2294 ‚
477 2162 536 2282 sne
559 2220 698 2294 consilio,
722 2221 782 2285 sine
812 2248 846 2287 au
864 2227 916 2284 acia

217 2311 224 2347 ῑ
248 2301 410 2440 depugnat3
428 2302 460 2363 δι
478 2318 510 2359 ut
528 2301 587 2363 levi
600 2321 751 2364 momento
770 2326 823 2366 nec
840 2306 917 2365 ambi·

139 2374 216 2450 nii?
249 2402 287 2464 gu
323 2380 491 2453 erluvinus,
510 2380 550 2440 ita
565 2382 704 2444 brevitate
728 2386 793 2466 ipsi
813 2388 867 2447 loci
884 2385 916 2445 sa·

174 2523 178 2531 ,
249 2462 296 2521 cili
318 2482 355 2521 ue
377 2476 494 2541 receptu
513 2462 542 2519 in
564 2477 623 2524 tarn
663 2465 747 2545 ropin
788 2465 919 2544 acastra„
959 2473 960 2486 ²

248 2484 325 2602 husi
343 2560 417 2621 aegre
433 2539 581 2599 militema
596 2486 687 2603 muita
702 2487 787 2605 case!
800 2547 840 2608 est
856 2563 916 2606 tuta·

152 2631 156 2690 j
250 2635 382 2681 tusr'nec
395 2618 455 2679 sere
473 2620 622 2703 quisquam
632 2626 661 2682 in
675 2623 738 2706 ipso
755 2625 913 2699 certamine,
959 2695 960 2704 χ

153 2731 156 2737 -
250 2701 335 2784 pauci
350 2701 380 2760 iu
405 2700 486 2762 turba
508 2700 583 2785 fugae
610 2720 766 2781 extreme,
792 2729 874 2789 quum
889 2708 916 2765 iu

154 2775 159 2792 ⁷
250 2778 339 2840 castra
359 2798 493 2853 ruerent,
513 2781 603 2858 caefi3
626 2784 780 2868 primisque
804 2787 916 2848 tenebris
959 2789 960 2836 ἕ

250 2857 419 2934 Priuernum
435 2862 503 2928 inde
519 2865 642 2950 petitum
658 2867 771 2952 agmine
793 2866 914 2955 trepido,
959 2881 960 2884 ¹
