1950 3617
209 220 426 297 errn
483 221 568 291 IX.
652 215 720 317 301

57 350 116 394 rone
125 354 206 398 cornu
214 341 326 400 viiion'a
339 340 451 421 incipiet
464 339 481 398 ?
496 340 588 421 inquit
598 383 608 414 ,
620 338 648 399 ὁ
660 342 726 399 dex·
737 338 836 385 ΞΕ

54 427 112 473 trun
135 438 217 480 cornu
227 464 239 492 ,
259 423 394 481 diiittorir
416 420 512 491 acies,
532 420 651 480 alienant
668 441 724 513 pu·
737 407 837 508 3έῇ

54 512 122 572 pram
131 496 274 579 sequetur,
291 522 347 561 non
365 518 466 579 parient
482 502 632 561 maximam
646 505 727 561 vitio·

57 575 92 632 rie
106 581 192 639 trahet
205 584 223 641 ?
235 578 371 642 Concita
385 580 509 640 militer:
526 600 580 640 nec
595 579 726 661 peditum

57 656 143 717 virtuti
163 663 298 741 equites,
315 677 363 720 aut
382 660 542 755 legatorum
561 658 653 720 studia
672 660 727 720 du·

55 734 124 796 cibos
134 739 252 801 cedunt.
266 740 310 800 M.
321 739 453 801 Valerius
462 761 479 799 a
488 741 609 813 dextro,
623 739 654 799 P.
667 738 726 800 De·

56 816 158 879 eiusab
173 818 250 881 laevo
268 841 378 895 comu,
396 822 483 881 ambo
501 818 676 893 consulares,
688 819 726 880 ad

56 900 154 976 equites
172 902 203 959 in
214 901 348 961 cornibus
358 899 467 983 positos
487 903 646 961 evehuntur
657 922 666 974 ;
678 899 727 959 ad·

57 972 206 1061 hortatique
223 1001 297 1052 eos,
312 997 344 1041 ut
361 997 470 1062 partem
486 980 583 1041 secum
605 977 727 1062 capesse·

54 1073 108 1116 rent
124 1060 260 1133 decoris,
277 1063 307 1120 in
320 1059 477 1121 transversa
494 1060 580 1121 latera
602 1059 726 1120 hostium

55 1134 202 1230 incuffiunt.
215 1140 244 1201 Is
253 1161 347 1201 novus
358 1141 470 1201 additus
482 1157 574 1201 terror
587 1161 675 1223 quum
690 1162 725 1201 ex
741 1151 839 1198 roton.-

56 1234 125 1295 perte
142 1237 264 1303 utraque
280 1218 496 1281 circumvasrss'et
513 1223 621 1294 aciem,
641 1222 673 1281 &
690 1222 727 1282 ad

54 1309 186 1361 terrorem
194 1299 320 1361 hostium
330 1302 459 1383 legiones
468 1300 607 1361 Romanae
618 1346 627 1375 ,
638 1301 728 1362 redin-

56 1390 156 1458 tegrato
176 1381 320 1454 clamore,
337 1379 488 1442 intuliffent
503 1382 622 1463 gredum
637 1403 647 1455 3
664 1396 726 1443 tum

57 1452 115 1542 fuga
125 1461 161 1521 ab
179 1460 350 1522 Samnitibus
363 1477 466 1556 coepta.
488 1459 550 1521 Jam
567 1459 657 1544 strage
674 1463 728 1523 ho·

58 1540 157 1601 minum
167 1586 179 1613 ‚
190 1562 392 1622 armorumque
408 1540 558 1622 rnsrgnium
575 1543 668 1622 campi
685 1562 726 1603 re

58 1616 131 1695 pleri.
152 1621 200 1682 Ac
222 1623 316 1703 primo
337 1622 458 1703 pavidos
481 1618 620 1681 Samnites
639 1620 727 1682 castra

60 1694 99 1757 sna
110 1721 245 1784 accepere
258 1723 268 1776 3
285 1701 390 1761 deinde
405 1722 442 1760 ne
457 1720 491 1759 ea
508 1700 626 1780 quidem
636 1719 729 1762 reten-

62 1791 85 1835 tr
99 1802 106 1839 :
120 1784 207 1878 captis
227 1780 399 1863 direptisque
422 1797 486 1840 ante
506 1779 621 1840 noiiem
638 1781 729 1861 injec-

61 1863 186 1944 insigms.
196 1861 329 1923 Diihror
339 1881 375 1921 ex
384 1858 622 1921 senatusconsulto
632 1864 728 1922 trium·

60 1938 149 2074 fluvit
167 1965 177 2018 ;
197 1941 278 2021 cujus
300 1942 444 2022 triumpho
468 1940 555 2022 longe
575 1945 728 2002 maximam

71 2024 174 2098 peciem
193 2025 306 2105 captiva
325 2042 402 2081 arma
421 2020 567 2102 praebuere
586 2042 593 2081 ε
617 2039 728 2082 tantum

61 2102 268 2183 magnificentie
284 2101 377 2164 visum
390 2103 487 2173 iniis,
500 2118 532 2160 ur
547 2117 642 2161 aurata
653 2100 729 2161 scuta

63 2174 176 2246 dominis
186 2184 404 2267 argentariarum
414 2182 449 2241 ad
464 2181 558 2241 forum
570 2181 729 2241 ornandum

63 2257 273 2326 dividerentur:
292 2263 359 2323 inde
380 2279 476 2330 natum
496 2262 608 2321 initium
627 2262 730 2321 dicitur

62 2335 110 2399 fori
118 2345 240 2404 ornandi
250 2344 285 2403 ab
295 2339 425 2403 edilibue'
436 2386 445 2413 ‚
477 2363 545 2402 uum
556 2340 661 2401 rhensae
675 2342 730 2402 du·

61 2438 189 2485 errentur.
207 2424 244 2484 Et
262 2423 386 2484 Romani
406 2363 523 2504 quiiem
537 2421 572 2481 ad
587 2422 729 2483 honorem

61 2496 140 2563 <lenm
154 2502 308 2586 insrgnibus
328 2503 411 2566 armis
429 2500 552 2561 hostium
571 2501 612 2561 usr
636 2502 698 2564 sunt
719 2524 727 2564 ε

64 2575 193 2665 Campani
203 2630 214 2659 ,
223 2585 259 2645 ab
271 2582 400 2666 snperbia
411 2584 443 2644 &
460 2582 531 2642 odio
543 2579 728 2655 Samnitium,
741 2589 840 2677 We}

80 2658 224 2725 lediatores
238 2662 340 2746 (quod
359 2661 547 2745 speihculum
565 2665 637 2722 inter
658 2649 827 2743 epu-322¹”w

114 2762 170 2805 erat
179 2745 193 2826 )
203 2766 240 2805 eo
251 2761 352 2806 ornatu
369 2760 531 2816 armarunt,
546 2739 730 2802 Samnitium-

65 2835 114 2897 qne
135 2828 251 2890 nomine
277 2824 494 2906 compellarunt.
516 2822 631 2885 Eodem
654 2842 731 2886 enno
