<?xml version="1.0" encoding="UTF-8"?>
<!DOCTYPE html PUBLIC "-//W3C//DTD XHTML 1.0 Transitional//EN"
    "http://www.w3.org/TR/xhtml1/DTD/xhtml1-transitional.dtd">
<html xmlns="http://www.w3.org/1999/xhtml" xml:lang="en" lang="en">
 <head>
  <title>
</title>
<meta http-equiv="Content-Type" content="text/html;charset=utf-8" />
  <meta name='ocr-system' content='tesseract 3.04.00' />
  <meta name='ocr-capabilities' content='ocr_page ocr_carea ocr_par ocr_line ocrx_word'/>
</head>
<body>
  <div class='ocr_page' id='page_1' title='image "./titiliviipatavi00unkngoog_0414.png"; bbox 0 0 1950 3617; ppageno 0'>
   <div class='ocr_carea' id='block_1_1' title="bbox 115 246 907 509">
    <p class='ocr_par' dir='ltr' id='par_1_1' title="bbox 115 246 907 509">
     <span class='ocr_line' id='line_1_1' title="bbox 226 246 907 346; baseline -0.023 -1"><span class='ocrx_word' id='word_1_1' title='bbox 226 266 296 345; x_wconf 73' lang='lat'>394</span> <span class='ocrx_word' id='word_1_2' title='bbox 424 246 739 322; x_wconf 55' lang='lat' dir='ltr'>YiLrVrr·</span> <span class='ocrx_word' id='word_1_3' title='bbox 904 339 907 346; x_wconf 50' lang='grc'><em>,</em></span> 
     </span>
     <span class='ocr_line' id='line_1_2' title="bbox 115 358 906 509; baseline 0.032 -94"><span class='ocrx_word' id='word_1_4' title='bbox 115 391 214 424; x_wconf 49' lang='grc' dir='ltr'>ξ</span> <span class='ocrx_word' id='word_1_5' title='bbox 225 385 314 449; x_wconf 87' lang='lat' dir='ltr'>quum</span> <span class='ocrx_word' id='word_1_6' title='bbox 331 365 361 425; x_wconf 87' lang='lat' dir='ltr'>in</span> <span class='ocrx_word' id='word_1_7' title='bbox 380 363 535 509; x_wconf 49' lang='lat' dir='ltr'>mlle&amp;</span> <span class='ocrx_word' id='word_1_8' title='bbox 549 365 610 449; x_wconf 83' lang='lat' dir='ltr'>jam</span> <span class='ocrx_word' id='word_1_9' title='bbox 623 366 710 428; x_wconf 80' lang='lat' dir='ltr'>castra</span> <span class='ocrx_word' id='word_1_10' title='bbox 723 412 734 442; x_wconf 93' lang='lat'>‚</span> <span class='ocrx_word' id='word_1_11' title='bbox 748 358 807 449; x_wconf 75' lang='lat' dir='ltr'>iam</span> <span class='ocrx_word' id='word_1_12' title='bbox 817 361 906 448; x_wconf 69' lang='lat' dir='ltr'>Aqflf‘</span> 
     </span>
    </p>
   </div>
   <div class='ocr_carea' id='block_1_2' title="bbox 116 446 438 549">
    <p class='ocr_par' dir='ltr' id='par_1_2' title="bbox 116 446 438 549">
     <span class='ocr_line' id='line_1_3' title="bbox 116 446 438 537; baseline 0.047 -46"><span class='ocrx_word' id='word_1_13' title='bbox 116 446 213 537; x_wconf 44' lang='lat' dir='ltr'>Hbc-452·</span> <span class='ocrx_word' id='word_1_14' title='bbox 226 449 334 507; x_wconf 87' lang='lat' dir='ltr'>loniam</span> <span class='ocrx_word' id='word_1_15' title='bbox 352 447 438 508; x_wconf 88' lang='lat' dir='ltr'>habui</span> 
     </span>
     <span class='ocr_line' id='line_1_4' title="bbox 158 509 213 549; baseline -0.036 -13"><span class='ocrx_word' id='word_1_16' title='bbox 158 509 203 549; x_wconf 58' lang='grc' dir='ltr'>οη]</span> <span class='ocrx_word' id='word_1_17' title='bbox 208 526 213 534; x_wconf 93' lang='grc'><em>.</em></span> 
     </span>
    </p>
   </div>
   <div class='ocr_carea' id='block_1_3' title="bbox 224 449 951 2864">
    <p class='ocr_par' dir='ltr' id='par_1_3' title="bbox 224 449 951 2864">
     <span class='ocr_line' id='line_1_5' title="bbox 462 449 905 528; baseline -0.002 -20"><span class='ocrx_word' id='word_1_18' title='bbox 462 466 530 523; x_wconf 89' lang='lat' dir='ltr'>ent,</span> <span class='ocrx_word' id='word_1_19' title='bbox 552 449 663 509; x_wconf 77' lang='lat' dir='ltr'>clamor</span> <span class='ocrx_word' id='word_1_20' title='bbox 690 470 745 507; x_wconf 83' lang='lat' dir='ltr'>eos</span> <span class='ocrx_word' id='word_1_21' title='bbox 771 465 905 528; x_wconf 80' lang='lat' dir='ltr'>utrimque</span> 
     </span>
     <span class='ocr_line' id='line_1_6' title="bbox 225 528 898 609; baseline -0.001 -23"><span class='ocrx_word' id='word_1_22' title='bbox 225 549 276 609; x_wconf 85' lang='lat' dir='ltr'>par</span> <span class='ocrx_word' id='word_1_23' title='bbox 299 528 431 588; x_wconf 87' lang='lat' dir='ltr'>accidens</span> <span class='ocrx_word' id='word_1_24' title='bbox 452 528 735 605; x_wconf 77' lang='lat' dir='ltr'>sustinui13deinde</span> <span class='ocrx_word' id='word_1_25' title='bbox 759 548 775 587; x_wconf 92' lang='lat' dir='ltr'>e</span> <span class='ocrx_word' id='word_1_26' title='bbox 794 530 898 609; x_wconf 84' lang='lat' dir='ltr'>regione</span> 
     </span>
     <span class='ocr_line' id='line_1_7' title="bbox 225 605 889 691; baseline -0.009 -23"><span class='ocrx_word' id='word_1_27' title='bbox 225 605 401 682; x_wconf 87' lang='lat' dir='ltr'>castrorum,</span> <span class='ocrx_word' id='word_1_28' title='bbox 415 631 478 691; x_wconf 85' lang='lat' dir='ltr'>quae</span> <span class='ocrx_word' id='word_1_29' title='bbox 490 608 603 669; x_wconf 87' lang='lat' dir='ltr'>incensa</span> <span class='ocrx_word' id='word_1_30' title='bbox 614 611 650 669; x_wconf 86' lang='lat' dir='ltr'>ab</span> <span class='ocrx_word' id='word_1_31' title='bbox 662 609 801 669; x_wconf 82' lang='lat' dir='ltr'>Romanis</span> <span class='ocrx_word' id='word_1_32' title='bbox 810 622 889 679; x_wconf 78' lang='lat' dir='ltr'>erant,</span> 
     </span>
     <span class='ocr_line' id='line_1_8' title="bbox 224 686 884 750; baseline -0.008 -1"><span class='ocrx_word' id='word_1_33' title='bbox 224 689 341 749; x_wconf 85' lang='lat' dir='ltr'>flamma</span> <span class='ocrx_word' id='word_1_34' title='bbox 364 690 419 750; x_wconf 76' lang='lat' dir='ltr'>late</span> <span class='ocrx_word' id='word_1_35' title='bbox 444 689 503 749; x_wconf 83' lang='lat' dir='ltr'>fusa</span> <span class='ocrx_word' id='word_1_36' title='bbox 529 693 659 750; x_wconf 82' lang='lat' dir='ltr'>certioris</span> <span class='ocrx_word' id='word_1_37' title='bbox 685 690 778 749; x_wconf 90' lang='lat' dir='ltr'>cladis</span> <span class='ocrx_word' id='word_1_38' title='bbox 800 686 884 746; x_wconf 74' lang='lat' dir='ltr'>indicio</span> 
     </span>
     <span class='ocr_line' id='line_1_9' title="bbox 225 767 885 853; baseline -0.005 -25"><span class='ocrx_word' id='word_1_39' title='bbox 225 769 362 853; x_wconf 82' lang='lat' dir='ltr'>progredi</span> <span class='ocrx_word' id='word_1_40' title='bbox 377 770 489 853; x_wconf 76' lang='lat' dir='ltr'>longius</span> <span class='ocrx_word' id='word_1_41' title='bbox 509 772 665 852; x_wconf 85' lang='lat' dir='ltr'><strong>prohibuit.</strong></span> <span class='ocrx_word' id='word_1_42' title='bbox 685 769 731 831; x_wconf 87' lang='lat' dir='ltr'>Eo</span> <span class='ocrx_word' id='word_1_43' title='bbox 758 768 816 849; x_wconf 91' lang='lat' dir='ltr'>ipso</span> <span class='ocrx_word' id='word_1_44' title='bbox 831 767 885 825; x_wconf 81' lang='lat' dir='ltr'>locu</span> 
     </span>
     <span class='ocr_line' id='line_1_10' title="bbox 225 847 893 932; baseline -0.006 -23"><span class='ocrx_word' id='word_1_45' title='bbox 225 851 318 932; x_wconf 70' lang='lat' dir='ltr'>prope</span> <span class='ocrx_word' id='word_1_46' title='bbox 337 868 445 911; x_wconf 88' lang='lat' dir='ltr'>temere</span> <span class='ocrx_word' id='word_1_47' title='bbox 473 850 524 911; x_wconf 88' lang='lat' dir='ltr'>sub</span> <span class='ocrx_word' id='word_1_48' title='bbox 542 854 626 911; x_wconf 82' lang='lat' dir='ltr'>armis</span> <span class='ocrx_word' id='word_1_49' title='bbox 645 849 722 910; x_wconf 84' lang='lat' dir='ltr'>strati</span> <span class='ocrx_word' id='word_1_50' title='bbox 740 847 835 931; x_wconf 87' lang='lat' dir='ltr'>pallirn</span> <span class='ocrx_word' id='word_1_51' title='bbox 855 849 893 904; x_wconf 82' lang='lat' dir='ltr'>iu·</span> 
     </span>
     <span class='ocr_line' id='line_1_11' title="bbox 225 926 897 1025; baseline -0.004 -35"><span class='ocrx_word' id='word_1_52' title='bbox 225 932 354 1025; x_wconf 78' lang='lat' dir='ltr'>quietum</span> <span class='ocrx_word' id='word_1_53' title='bbox 368 952 455 991; x_wconf 89' lang='lat' dir='ltr'>omne</span> <span class='ocrx_word' id='word_1_54' title='bbox 469 949 584 1015; x_wconf 85' lang='lat' dir='ltr'>tempus</span> <span class='ocrx_word' id='word_1_55' title='bbox 598 930 707 1003; x_wconf 66' lang='lat' dir='ltr'>nodis,</span> <span class='ocrx_word' id='word_1_56' title='bbox 720 926 897 1011; x_wconf 72' lang='lat' dir='ltr'>exspeuando</span> 
     </span>
     <span class='ocr_line' id='line_1_12' title="bbox 225 1010 903 1095; baseline -0.006 -25"><span class='ocrx_word' id='word_1_57' title='bbox 225 1012 413 1094; x_wconf 80' lang='lat' dir='ltr'>timendoque</span> <span class='ocrx_word' id='word_1_58' title='bbox 436 1012 556 1088; x_wconf 88' lang='lat' dir='ltr'>lucem,</span> <span class='ocrx_word' id='word_1_59' title='bbox 581 1033 666 1095; x_wconf 87' lang='lat' dir='ltr'>egere</span> <span class='ocrx_word' id='word_1_60' title='bbox 683 1034 691 1072; x_wconf 74' lang='lat' dir='ltr'><em>z</em></span> <span class='ocrx_word' id='word_1_61' title='bbox 708 1010 799 1093; x_wconf 62' lang='lat' dir='ltr'>primi</span> <span class='ocrx_word' id='word_1_62' title='bbox 819 1011 873 1068; x_wconf 87' lang='lat' dir='ltr'>luce</span> <span class='ocrx_word' id='word_1_63' title='bbox 886 1051 903 1082; x_wconf 85' lang='lat'>‚</span> 
     </span>
     <span class='ocr_line' id='line_1_13' title="bbox 226 1091 904 1175; baseline -0.007 -24"><span class='ocrx_word' id='word_1_64' title='bbox 226 1092 327 1151; x_wconf 85' lang='lat' dir='ltr'>incerti</span> <span class='ocrx_word' id='word_1_65' title='bbox 346 1113 432 1173; x_wconf 88' lang='lat' dir='ltr'>quam</span> <span class='ocrx_word' id='word_1_66' title='bbox 449 1095 479 1152; x_wconf 89' lang='lat' dir='ltr'>in</span> <span class='ocrx_word' id='word_1_67' title='bbox 498 1109 613 1175; x_wconf 84' lang='lat' dir='ltr'>partem</span> <span class='ocrx_word' id='word_1_68' title='bbox 628 1092 808 1152; x_wconf 87' lang='lat' dir='ltr'>intenderent</span> <span class='ocrx_word' id='word_1_69' title='bbox 831 1091 904 1160; x_wconf 70' lang='lat' dir='ltr'>iter,</span> 
     </span>
     <span class='ocr_line' id='line_1_14' title="bbox 226 1167 902 1255; baseline -0.007 -23"><span class='ocrx_word' id='word_1_70' title='bbox 226 1173 346 1254; x_wconf 67' lang='lat' dir='ltr'>repente</span> <span class='ocrx_word' id='word_1_71' title='bbox 358 1176 387 1232; x_wconf 89' lang='lat' dir='ltr'>in</span> <span class='ocrx_word' id='word_1_72' title='bbox 405 1172 502 1255; x_wconf 85' lang='lat' dir='ltr'>fugam</span> <span class='ocrx_word' id='word_1_73' title='bbox 520 1172 754 1243; x_wconf 87' lang='lat' dir='ltr'>consternantur,</span> <span class='ocrx_word' id='word_1_74' title='bbox 768 1167 902 1251; x_wconf 75' lang='lat' dir='ltr'>conspeffi</span> 
     </span>
     <span class='ocr_line' id='line_1_15' title="bbox 226 1250 902 1336; baseline -0.006 -24"><span class='ocrx_word' id='word_1_75' title='bbox 226 1254 262 1312; x_wconf 90' lang='lat' dir='ltr'>ab</span> <span class='ocrx_word' id='word_1_76' title='bbox 279 1253 420 1335; x_wconf 89' lang='lat' dir='ltr'>equitibus</span> <span class='ocrx_word' id='word_1_77' title='bbox 436 1277 445 1328; x_wconf 85' lang='lat'>3</span> <span class='ocrx_word' id='word_1_78' title='bbox 460 1256 533 1336; x_wconf 87' lang='lat' dir='ltr'>qui,</span> <span class='ocrx_word' id='word_1_79' title='bbox 547 1251 670 1335; x_wconf 80' lang='lat' dir='ltr'>egrellos</span> <span class='ocrx_word' id='word_1_80' title='bbox 691 1251 774 1312; x_wconf 71' lang='lat' dir='ltr'>nodie</span> <span class='ocrx_word' id='word_1_81' title='bbox 799 1250 832 1309; x_wconf 88' lang='lat' dir='ltr'>ab</span> <span class='ocrx_word' id='word_1_82' title='bbox 848 1270 902 1329; x_wconf 88' lang='lat' dir='ltr'>op-</span> 
     </span>
     <span class='ocr_line' id='line_1_16' title="bbox 225 1330 899 1415; baseline -0.006 -24"><span class='ocrx_word' id='word_1_83' title='bbox 225 1332 298 1415; x_wconf 86' lang='lat' dir='ltr'>pido</span> <span class='ocrx_word' id='word_1_84' title='bbox 318 1331 457 1393; x_wconf 89' lang='lat' dir='ltr'>Samnites</span> <span class='ocrx_word' id='word_1_85' title='bbox 477 1333 640 1415; x_wconf 84' lang='lat' dir='ltr'>persecuti,</span> <span class='ocrx_word' id='word_1_86' title='bbox 660 1333 791 1393; x_wconf 81' lang='lat' dir='ltr'>viderant</span> <span class='ocrx_word' id='word_1_87' title='bbox 810 1330 899 1389; x_wconf 90' lang='lat' dir='ltr'>multi-</span> 
     </span>
     <span class='ocr_line' id='line_1_17' title="bbox 225 1409 900 1489; baseline -0.01 -15"><span class='ocrx_word' id='word_1_88' title='bbox 225 1412 370 1489; x_wconf 79' lang='lat' dir='ltr'>tudinem,</span> <span class='ocrx_word' id='word_1_89' title='bbox 385 1436 444 1474; x_wconf 90' lang='lat' dir='ltr'>non</span> <span class='ocrx_word' id='word_1_90' title='bbox 457 1415 555 1489; x_wconf 88' lang='lat' dir='ltr'>vallo,</span> <span class='ocrx_word' id='word_1_91' title='bbox 568 1436 627 1474; x_wconf 87' lang='lat' dir='ltr'>non</span> <span class='ocrx_word' id='word_1_92' title='bbox 640 1411 805 1473; x_wconf 80' lang='lat' dir='ltr'>stationibus</span> <span class='ocrx_word' id='word_1_93' title='bbox 814 1409 900 1470; x_wconf 60' lang='lat' dir='ltr'>firma.</span> 
     </span>
     <span class='ocr_line' id='line_1_18' title="bbox 224 1492 899 1577; baseline -0.006 -25"><span class='ocrx_word' id='word_1_94' title='bbox 224 1507 294 1553; x_wconf 84' lang='lat' dir='ltr'>tam.</span> <span class='ocrx_word' id='word_1_95' title='bbox 311 1493 471 1577; x_wconf 68' lang='lat' dir='ltr'>Conspecla</span> <span class='ocrx_word' id='word_1_96' title='bbox 489 1497 522 1555; x_wconf 92' lang='lat'>&amp;</span> <span class='ocrx_word' id='word_1_97' title='bbox 540 1515 577 1554; x_wconf 86' lang='lat' dir='ltr'>ex</span> <span class='ocrx_word' id='word_1_98' title='bbox 589 1496 677 1554; x_wconf 89' lang='lat' dir='ltr'>muris</span> <span class='ocrx_word' id='word_1_99' title='bbox 694 1492 851 1576; x_wconf 82' lang='lat' dir='ltr'>Aquiloniae</span> <span class='ocrx_word' id='word_1_100' title='bbox 866 1509 899 1549; x_wconf 80' lang='lat' dir='ltr'>ea</span> 
     </span>
     <span class='ocr_line' id='line_1_19' title="bbox 226 1571 897 1658; baseline -0.009 -24"><span class='ocrx_word' id='word_1_101' title='bbox 226 1575 381 1635; x_wconf 76' lang='lat' dir='ltr'>multitudo</span> <span class='ocrx_word' id='word_1_102' title='bbox 398 1592 462 1656; x_wconf 86' lang='lat' dir='ltr'>erat</span> <span class='ocrx_word' id='word_1_103' title='bbox 478 1596 487 1649; x_wconf 87' lang='lat'>3</span> <span class='ocrx_word' id='word_1_104' title='bbox 503 1572 619 1658; x_wconf 76' lang='lat' dir='ltr'>jamque</span> <span class='ocrx_word' id='word_1_105' title='bbox 640 1575 727 1634; x_wconf 89' lang='lat' dir='ltr'>etiam</span> <span class='ocrx_word' id='word_1_106' title='bbox 748 1571 897 1655; x_wconf 82' lang='lat' dir='ltr'>legionariae</span> 
     </span>
     <span class='ocr_line' id='line_1_20' title="bbox 226 1650 895 1737; baseline -0.007 -23"><span class='ocrx_word' id='word_1_107' title='bbox 226 1654 360 1715; x_wconf 88' lang='lat' dir='ltr'>cohortes</span> <span class='ocrx_word' id='word_1_108' title='bbox 376 1655 575 1737; x_wconf 81' lang='lat' dir='ltr'>sequebantur.</span> <span class='ocrx_word' id='word_1_109' title='bbox 592 1653 733 1716; x_wconf 87' lang='lat' dir='ltr'>Ceterum</span> <span class='ocrx_word' id='word_1_110' title='bbox 750 1675 802 1713; x_wconf 90' lang='lat' dir='ltr'>nec</span> <span class='ocrx_word' id='word_1_111' title='bbox 815 1650 895 1733; x_wconf 80' lang='lat' dir='ltr'>pedes</span> 
     </span>
     <span class='ocr_line' id='line_1_21' title="bbox 226 1733 896 1818; baseline -0.007 -25"><span class='ocrx_word' id='word_1_112' title='bbox 226 1733 368 1817; x_wconf 82' lang='lat' dir='ltr'>fugientes</span> <span class='ocrx_word' id='word_1_113' title='bbox 391 1736 522 1818; x_wconf 83' lang='lat' dir='ltr'>persequi</span> <span class='ocrx_word' id='word_1_114' title='bbox 549 1737 672 1818; x_wconf 72' lang='lat' dir='ltr'>potuit3</span> <span class='ocrx_word' id='word_1_115' title='bbox 695 1737 728 1796; x_wconf 70' lang='grc' dir='ltr'>δι</span> <span class='ocrx_word' id='word_1_116' title='bbox 753 1735 788 1794; x_wconf 84' lang='lat' dir='ltr'>ab</span> <span class='ocrx_word' id='word_1_117' title='bbox 811 1733 896 1814; x_wconf 83' lang='lat' dir='ltr'>equite</span> 
     </span>
     <span class='ocr_line' id='line_1_22' title="bbox 226 1811 895 1877; baseline -0.006 -3"><span class='ocrx_word' id='word_1_118' title='bbox 226 1814 372 1875; x_wconf 87' lang='lat' dir='ltr'>novillimi</span> <span class='ocrx_word' id='word_1_119' title='bbox 392 1837 408 1874; x_wconf 90' lang='lat' dir='ltr'>a</span> <span class='ocrx_word' id='word_1_120' title='bbox 427 1820 512 1877; x_wconf 87' lang='lat' dir='ltr'>minis</span> <span class='ocrx_word' id='word_1_121' title='bbox 530 1817 646 1876; x_wconf 89' lang='lat' dir='ltr'>ducenti</span> <span class='ocrx_word' id='word_1_122' title='bbox 665 1815 756 1876; x_wconf 80' lang='lat' dir='ltr'>ferme</span> <span class='ocrx_word' id='word_1_123' title='bbox 775 1816 805 1877; x_wconf 90' lang='lat'>&amp;</span> <span class='ocrx_word' id='word_1_124' title='bbox 822 1811 895 1872; x_wconf 76' lang='lat' dir='ltr'>odo·</span> 
     </span>
     <span class='ocr_line' id='line_1_23' title="bbox 227 1890 896 1980; baseline -0.007 -26"><span class='ocrx_word' id='word_1_125' title='bbox 227 1897 305 1980; x_wconf 82' lang='lat' dir='ltr'>ginta</span> <span class='ocrx_word' id='word_1_126' title='bbox 326 1898 385 1955; x_wconf 90' lang='lat' dir='ltr'>inte</span> <span class='ocrx_word' id='word_1_127' title='bbox 412 1896 475 1958; x_wconf 73' lang='lat' dir='ltr'>etti.</span> <span class='ocrx_word' id='word_1_128' title='bbox 492 1896 584 1957; x_wconf 83' lang='lat' dir='ltr'>Arma</span> <span class='ocrx_word' id='word_1_129' title='bbox 599 1896 690 1957; x_wconf 89' lang='lat' dir='ltr'>multa</span> <span class='ocrx_word' id='word_1_130' title='bbox 708 1896 804 1978; x_wconf 84' lang='lat' dir='ltr'>pavidi</span> <span class='ocrx_word' id='word_1_131' title='bbox 818 1914 847 1953; x_wconf 86' lang='lat' dir='ltr'>ac</span> <span class='ocrx_word' id='word_1_132' title='bbox 866 1890 896 1949; x_wconf 81' lang='lat' dir='ltr'>fi-</span> 
     </span>
     <span class='ocr_line' id='line_1_24' title="bbox 226 1972 951 2060; baseline -0.006 -26"><span class='ocrx_word' id='word_1_133' title='bbox 226 1993 282 2059; x_wconf 89' lang='lat' dir='ltr'>gna</span> <span class='ocrx_word' id='word_1_134' title='bbox 299 1978 431 2035; x_wconf 86' lang='lat' dir='ltr'>militaria</span> <span class='ocrx_word' id='word_1_135' title='bbox 446 1977 648 2060; x_wconf 88' lang='lat' dir='ltr'>duodeviginti</span> <span class='ocrx_word' id='word_1_136' title='bbox 668 1978 826 2059; x_wconf 83' lang='lat' dir='ltr'>reliquere:</span> <span class='ocrx_word' id='word_1_137' title='bbox 843 1972 892 2031; x_wconf 81' lang='lat' dir='ltr'>alio</span> <span class='ocrx_word' id='word_1_138' title='bbox 950 2015 951 2022; x_wconf 18' lang='grc' dir='ltr'><strong>κ</strong></span> 
     </span>
     <span class='ocr_line' id='line_1_25' title="bbox 226 2057 951 2138; baseline -0.004 -23"><span class='ocrx_word' id='word_1_139' title='bbox 226 2058 339 2138; x_wconf 79' lang='lat' dir='ltr'>agmine</span> <span class='ocrx_word' id='word_1_140' title='bbox 351 2058 509 2138; x_wconf 83' lang='lat' dir='ltr'>incolumi,</span> <span class='ocrx_word' id='word_1_141' title='bbox 519 2074 550 2117; x_wconf 94' lang='lat' dir='ltr'>ut</span> <span class='ocrx_word' id='word_1_142' title='bbox 562 2078 598 2117; x_wconf 83' lang='lat' dir='ltr'>ex</span> <span class='ocrx_word' id='word_1_143' title='bbox 610 2074 687 2118; x_wconf 81' lang='lat' dir='ltr'>tanta</span> <span class='ocrx_word' id='word_1_144' title='bbox 697 2057 890 2138; x_wconf 74' lang='lat' dir='ltr'>trepidatione,</span> <span class='ocrx_word' id='word_1_145' title='bbox 950 2125 951 2132; x_wconf 8' lang='grc' dir='ltr'>ἵ</span> 
     </span>
     <span class='ocr_line' id='line_1_26' title="bbox 226 2135 951 2220; baseline 0 -22"><span class='ocrx_word' id='word_1_146' title='bbox 226 2137 390 2198; x_wconf 84' lang='lat' dir='ltr'>Bovianum</span> <span class='ocrx_word' id='word_1_147' title='bbox 408 2156 579 2220; x_wconf 90' lang='lat' dir='ltr'>perventum</span> <span class='ocrx_word' id='word_1_148' title='bbox 598 2135 649 2199; x_wconf 84' lang='lat' dir='ltr'>est.</span> <span class='ocrx_word' id='word_1_149' title='bbox 950 2137 951 2144; x_wconf 60' lang='lat'><em>&#39;</em></span> 
     </span>
     <span class='ocr_line' id='line_1_27' title="bbox 268 2213 888 2300; baseline -0.008 -23"><span class='ocrx_word' id='word_1_150' title='bbox 268 2216 376 2278; x_wconf 81' lang='lat' dir='ltr'><strong>XLIV.</strong></span> <span class='ocrx_word' id='word_1_151' title='bbox 392 2218 531 2279; x_wconf 72' lang='lat' dir='ltr'>Laetitiam</span> <span class='ocrx_word' id='word_1_152' title='bbox 543 2217 687 2300; x_wconf 87' lang='lat' dir='ltr'>utriusque</span> <span class='ocrx_word' id='word_1_153' title='bbox 699 2216 832 2278; x_wconf 75' lang='lat' dir='ltr'>exercitus</span> <span class='ocrx_word' id='word_1_154' title='bbox 840 2213 888 2274; x_wconf 87' lang='lat' dir='ltr'>Ro·</span> 
     </span>
     <span class='ocr_line' id='line_1_28' title="bbox 227 2291 951 2380; baseline -0.008 -21"><span class='ocrx_word' id='word_1_155' title='bbox 227 2301 305 2359; x_wconf 87' lang='lat' dir='ltr'>mani</span> <span class='ocrx_word' id='word_1_156' title='bbox 317 2301 441 2360; x_wconf 81' lang='lat' dir='ltr'>auxit&amp;</span> <span class='ocrx_word' id='word_1_157' title='bbox 454 2299 491 2359; x_wconf 86' lang='lat' dir='ltr'>ab</span> <span class='ocrx_word' id='word_1_158' title='bbox 507 2299 593 2358; x_wconf 89' lang='lat' dir='ltr'>altera</span> <span class='ocrx_word' id='word_1_159' title='bbox 604 2317 684 2380; x_wconf 88' lang='lat' dir='ltr'>parte</span> <span class='ocrx_word' id='word_1_160' title='bbox 697 2298 815 2360; x_wconf 81' lang='lat' dir='ltr'>feliciter</span> <span class='ocrx_word' id='word_1_161' title='bbox 827 2291 885 2377; x_wconf 78' lang='lat' dir='ltr'>gella</span> <span class='ocrx_word' id='word_1_162' title='bbox 950 2337 951 2342; x_wconf 19' lang='grc' dir='ltr'><strong>κ</strong></span> 
     </span>
     <span class='ocr_line' id='line_1_29' title="bbox 227 2370 951 2463; baseline 0.008 -27"><span class='ocrx_word' id='word_1_163' title='bbox 227 2399 275 2437; x_wconf 86' lang='lat' dir='ltr'>res</span> <span class='ocrx_word' id='word_1_164' title='bbox 297 2397 444 2463; x_wconf 89' lang='lat' dir='ltr'>:uterque</span> <span class='ocrx_word' id='word_1_165' title='bbox 466 2401 503 2439; x_wconf 86' lang='lat' dir='ltr'>ex</span> <span class='ocrx_word' id='word_1_166' title='bbox 520 2380 632 2439; x_wconf 87' lang='lat' dir='ltr'>alterius</span> <span class='ocrx_word' id='word_1_167' title='bbox 651 2378 788 2439; x_wconf 87' lang='lat' dir='ltr'>sententia</span> <span class='ocrx_word' id='word_1_168' title='bbox 809 2370 885 2437; x_wconf 77' lang='lat' dir='ltr'>consul</span> <span class='ocrx_word' id='word_1_169' title='bbox 950 2437 951 2442; x_wconf 73' lang='grc'>,</span> 
     </span>
     <span class='ocr_line' id='line_1_30' title="bbox 227 2454 881 2542; baseline -0.009 -22"><span class='ocrx_word' id='word_1_170' title='bbox 227 2480 259 2520; x_wconf 85' lang='lat' dir='ltr'>ca</span> <span class='ocrx_word' id='word_1_171' title='bbox 281 2476 342 2518; x_wconf 88' lang='lat' dir='ltr'>tum</span> <span class='ocrx_word' id='word_1_172' title='bbox 356 2482 395 2542; x_wconf 92' lang='lat' dir='ltr'>op</span> <span class='ocrx_word' id='word_1_173' title='bbox 417 2460 498 2520; x_wconf 89' lang='lat' dir='ltr'>idum</span> <span class='ocrx_word' id='word_1_174' title='bbox 511 2459 704 2540; x_wconf 88' lang='lat' dir='ltr'>diripiendum</span> <span class='ocrx_word' id='word_1_175' title='bbox 714 2461 797 2519; x_wconf 88' lang='lat' dir='ltr'>militi</span> <span class='ocrx_word' id='word_1_176' title='bbox 808 2454 881 2523; x_wconf 66' lang='lat' dir='ltr'>dedic</span> 
     </span>
     <span class='ocr_line' id='line_1_31' title="bbox 227 2481 878 2622; baseline 0.003 -27"><span class='ocrx_word' id='word_1_177' title='bbox 227 2481 369 2599; x_wconf 70' lang='lat' dir='ltr'>exlaustls</span> <span class='ocrx_word' id='word_1_178' title='bbox 387 2483 492 2600; x_wconf 64' lang='lat' dir='ltr'>ddinde</span> <span class='ocrx_word' id='word_1_179' title='bbox 509 2539 590 2611; x_wconf 70' lang='lat' dir='ltr'>tedis</span> <span class='ocrx_word' id='word_1_180' title='bbox 605 2542 704 2622; x_wconf 86' lang='lat' dir='ltr'>ignem</span> <span class='ocrx_word' id='word_1_181' title='bbox 718 2538 831 2621; x_wconf 84' lang='lat' dir='ltr'>injecit,</span> <span class='ocrx_word' id='word_1_182' title='bbox 845 2552 878 2592; x_wconf 68' lang='grc' dir='ltr'>ω·</span> 
     </span>
     <span class='ocr_line' id='line_1_32' title="bbox 227 2612 879 2703; baseline 0.002 -27"><span class='ocrx_word' id='word_1_183' title='bbox 227 2617 352 2700; x_wconf 89' lang='lat' dir='ltr'>demque</span> <span class='ocrx_word' id='word_1_184' title='bbox 374 2620 420 2680; x_wconf 91' lang='lat' dir='ltr'>die</span> <span class='ocrx_word' id='word_1_185' title='bbox 441 2619 599 2703; x_wconf 88' lang='lat' dir='ltr'>Aquilonia</span> <span class='ocrx_word' id='word_1_186' title='bbox 623 2621 655 2681; x_wconf 72' lang='grc' dir='ltr'>ὅ(</span> <span class='ocrx_word' id='word_1_187' title='bbox 673 2618 833 2680; x_wconf 86' lang='lat' dir='ltr'>Cominium</span> <span class='ocrx_word' id='word_1_188' title='bbox 843 2612 879 2670; x_wconf 69' lang='lat' dir='ltr'>de·</span> 
     </span>
     <span class='ocr_line' id='line_1_33' title="bbox 225 2697 951 2782; baseline -0.006 -24"><span class='ocrx_word' id='word_1_189' title='bbox 225 2698 392 2780; x_wconf 83' lang='lat' dir='ltr'>flagravere.</span> <span class='ocrx_word' id='word_1_190' title='bbox 417 2699 454 2761; x_wconf 87' lang='lat' dir='ltr'>Et</span> <span class='ocrx_word' id='word_1_191' title='bbox 474 2699 623 2773; x_wconf 83' lang='lat' dir='ltr'>consules,</span> <span class='ocrx_word' id='word_1_192' title='bbox 639 2721 705 2760; x_wconf 89' lang='lat' dir='ltr'>cum</span> <span class='ocrx_word' id='word_1_193' title='bbox 723 2697 882 2782; x_wconf 77' lang='lat' dir='ltr'>gratulatione</span> <span class='ocrx_word' id='word_1_194' title='bbox 950 2703 951 2706; x_wconf 75' lang='grc'>’</span> 
     </span>
     <span class='ocr_line' id='line_1_34' title="bbox 224 2779 951 2864; baseline -0.004 -28"><span class='ocrx_word' id='word_1_195' title='bbox 224 2795 323 2838; x_wconf 83' lang='lat' dir='ltr'>mutua</span> <span class='ocrx_word' id='word_1_196' title='bbox 336 2779 483 2862; x_wconf 89' lang='lat' dir='ltr'>legionum</span> <span class='ocrx_word' id='word_1_197' title='bbox 495 2780 614 2864; x_wconf 88' lang='lat' dir='ltr'>suaque,</span> <span class='ocrx_word' id='word_1_198' title='bbox 624 2779 710 2841; x_wconf 88' lang='lat' dir='ltr'>castra</span> <span class='ocrx_word' id='word_1_199' title='bbox 722 2779 883 2861; x_wconf 74' lang='lat' dir='ltr'>conjunxere·</span> <span class='ocrx_word' id='word_1_200' title='bbox 950 2805 951 2852; x_wconf 46' lang='lat' dir='ltr'><strong><em>g</em></strong></span> 
     </span>
    </p>
   </div>
   <div class='ocr_carea' id='block_1_4' title="bbox 226 2853 882 2960">
    <p class='ocr_par' dir='ltr' id='par_1_4' title="bbox 226 2853 882 2960">
     <span class='ocr_line' id='line_1_35' title="bbox 226 2853 882 2960; baseline 0.012 -38"><span class='ocrx_word' id='word_1_201' title='bbox 226 2856 260 2918; x_wconf 87' lang='lat' dir='ltr'>In</span> <span class='ocrx_word' id='word_1_202' title='bbox 278 2859 430 2960; x_wconf 69' lang='lat' dir='ltr'>conspedlu</span> <span class='ocrx_word' id='word_1_203' title='bbox 448 2862 572 2929; x_wconf 85' lang='lat' dir='ltr'>duorum</span> <span class='ocrx_word' id='word_1_204' title='bbox 586 2864 760 2928; x_wconf 82' lang='lat' dir='ltr'>exercituum</span> <span class='ocrx_word' id='word_1_205' title='bbox 779 2863 810 2927; x_wconf 89' lang='lat'>&amp;</span> <span class='ocrx_word' id='word_1_206' title='bbox 827 2853 882 2930; x_wconf 68' lang='lat'>0²¹:</span> 
     </span>
    </p>
   </div>
   <div class='ocr_carea' id='block_1_5' title="bbox 0 0 981 3617">
    <p class='ocr_par' dir='ltr' id='par_1_5' title="bbox 0 0 981 3617">
     <span class='ocr_line' id='line_1_36' title="bbox 0 0 981 3617; baseline 0 0"><span class='ocrx_word' id='word_1_207' title='bbox 0 0 981 3617; x_wconf 95' lang='lat' dir='ltr'> </span> 
     </span>
    </p>
   </div>
  </div>
 </body>
</html>
