1950 3617
115 241 118 246 ·
205 220 438 300 [ΑΒΜ
496 218 545 286 Χ.
659 236 724 309 391

39 330 142 416 fugiunt
151 377 162 408 ,
172 353 228 394 nec
241 354 427 417 quemquam
440 352 544 417 praeter
560 329 657 393 hostes
672 349 730 391 me·
741 351 841 384 ===

40 428 122 476 ruunt.
139 413 282 474 Peditum
294 438 312 475 a
368 436 423 489 en,
440 412 664 498 quodsupersuit
698 433 730 471 u·
741 409 844 511 2323:

40 512 115 574 gnae,
129 496 159 555 in
176 494 269 556 castra
287 518 305 555 a
344 494 374 556 A
396 497 533 556 uiloniam
552 434 732 576 compulsiim

41 571 98 635 est:
116 575 257 636 nobilitas
276 519 448 660 equitelque
460 577 622 639 Bovianum
637 572 733 657 perfu-

41 673 143 736 getunt.
167 655 297 740 Equites
322 678 413 740 eques
433 656 581 742 sequitur,
603 657 733 739 peditem

42 734 123 815 pedes
143 760 153 813 ;
175 759 211 798 ac
242 736 365 799 diversa
390 760 517 814 cornua,
540 739 675 799 dextrum
695 735 733 798 ad

43 813 121 875 castra
141 816 349 894 Samnitium,
371 820 476 881 laevum
496 820 532 879 ad
550 818 652 880 urbem
672 836 734 877 ten·

45 894 88 955 dit.
106 896 189 958 Ptiot
207 901 364 983 aliquanto
379 900 553 961 Volumnius
573 898 661 959 castra
683 918 734 957 ce·

45 976 105 1062 pit:
126 978 162 1038 ab
180 980 291 1041 urbem
313 979 443 1062 Scipioni
467 979 577 1061 majore
599 978 734 1039 resistitur

46 1057 73 1115 vi
90 1077 99 1128 3
118 1079 178 1119 non
204 1063 277 1143 quia
302 1061 370 1142 plus
390 1064 477 1121 animi
498 1060 581 1122 vidis
601 1059 664 1134 est,
684 1057 735 1121 sed

48 1135 140 1198 melius
159 1144 263 1216 muri,
289 1142 380 1222 quim
399 1143 528 1215 vallum,
547 1157 670 1201 armatos
690 1153 736 1200 at*

49 1234 127 1279 tent:
147 1220 218 1281 inde
252 1222 400 1305 lapidibus
426 1222 592 1304 propulsant
611 1218 735 1282 hostem.

50 1292 137 1437 Scipio
149 1343 159 1374 ,
173 1299 229 1363 nist
249 1306 281 1363 in
306 1306 403 1385 primo
422 1325 551 1385 pavore,
573 1300 736 1385 priusquam

52 1395 81 1435 to
102 1381 248 1461 'gerentur
257 1383 511 1459 animi,transadla
521 1406 566 1446 res
581 1381 662 1455 eslet,
676 1384 737 1442 len-

54 1456 144 1520 tiorem
162 1461 230 1526 sore
250 1466 375 1525 munitae
394 1466 472 1525 urbis
489 1465 737 1547 oppugnationem

58 1552 138 1616 tatus,
154 1544 320 1629 interrogat
334 1546 460 1621 milites,
479 1549 573 1607 Satin’
587 1567 661 1626 aequo
677 1546 739 1603 ani·

56 1637 91 1675 mo
102 1642 281 1700 paterentur,
300 1627 435 1687 adultero
456 1648 538 1688 cornu
553 1629 638 1707 castra
655 1642 739 1763 culpus

58 1696 98 1776 ‘ff‘
112 1702 170 1782 ’'s‘
191 1709 310 1780 vidistis
326 1706 397 1787 pelli
416 1730 435 1765 a
446 1709 535 1786 portis
552 1708 658 1766 urbis?
708 1725 741 1763 e«

57 1778 235 1848 clamantibus
254 1785 413 1860 universis,
433 1789 542 1867 primus
561 1784 642 1867 ipse,
660 1782 741 1844 scuto

57 1854 130 1939 supet
145 1885 234 1947 caput
253 1868 356 1941 elato,
392 1869 463 1950 ergit
481 1866 518 1927 ad
537 1883 674 1948 portam:
694 1863 744 1933 se-‚

59 1942 108 1999 tuti
117 1943 182 2019 alii,
197 1946 346 2008 testudine
369 1948 447 2023 asli,
457 1952 487 2007 in
500 1948 602 2008 urbem
611 1967 741 2028 perrum-

59 2039 121 2097 punt
133 2047 143 2098 ;
157 2027 375 2112 deturbatisque
392 2027 586 2101 Samnitibus,
600 2029 649 2108 qui
666 2028 742 2085 circa

59 2119 164 2179 P⁰rtam
184 2127 291 2183 etant,
308 2131 407 2172 muros
429 2128 630 2188 occupavere:
651 2125 743 2186 pene-

59 2192 125 2243 trare
142 2188 172 2247 in
189 2191 331 2251 interiora
346 2188 443 2264 urbis,
457 2191 525 2274 quia
541 2187 625 2271 pauci
642 2185 746 2246 admo·¹

62 2258 124 2323 dum
142 2288 244 2345 erant,
264 2292 325 2332 non
342 2271 456 2332 audent.

64 2419 71 2435 ⁶
97 2342 188 2412 XLII.
208 2353 285 2414 Haec
303 2352 398 2433 primb
414 2354 544 2433 ignorare
569 2344 689 2420 consul,
709 2348 744 2413 ὅ(

64 2439 179 2490 latemus
190 2431 361 2513 recipiendo
369 2431 507 2493 exercitui
517 2426 587 2489 esse:
598 2426 657 2508 jam
665 2430 746 2492 enim

64 2519 185 2591 praeceps
202 2515 234 2571 in
254 2510 386 2574 occasum
402 2510 444 2572 sol
463 2527 542 2584 erat,
561 2512 594 2572 &
605 2525 744 2591 appetens

63 2600 118 2644 nox
127 2590 467 2673 periculosa&suspesla
477 2593 576 2653 omnia
584 2593 670 2656 etiam
680 2592 747 2649 vic-

66 2665 169 2729 mribus
189 2671 322 2735 faciebat.
332 2671 493 2755 Progressus
505 2673 619 2755 longius
633 2671 669 2730 ab
679 2670 748 2729 dex·

66 2754 105 2837 fra
120 2748 210 2813 castra
225 2771 306 2835 capta
320 2754 424 2829 videt;
443 2753 478 2813 ab
498 2755 571 2814 laeva
589 2754 745 2813 clamorem

66 2840 94 2890 ¹11
109 2830 201 2915 urbe,
222 2837 344 2902 mixtum
367 2836 607 2976 pugnantitffyac
636 2849 749 2917 pavens

559 2931 592 2975 W
