1950 3617
129 368 227 406 ἒξ

130 428 225 484 Uento

128 482 225 537 econ·

246 248 312 303 100
438 224 734 306 Ὶῖιιγιι

239 348 408 428 quisalius,
424 351 519 431 quales
536 371 609 413 mota
627 375 714 413 creare
728 353 871 415 multitudo
877 353 919 433 β’·

236 430 318 503 leret,
331 434 449 512 existeret
466 454 475 492 :
491 455 555 493 nam
563 433 595 513 se
609 438 717 514 quidem
728 438 810 513 ‘nihil
819 457 871 496 non
882 457 917 494 ar·

235 511 313 571 bitrio
323 514 488 593 imperatoris
504 517 631 574 adunam.
648 516 700 576 Illi
716 538 822 597 quoque
837 534 915 576 tamen

234 594 380 654 videndum
399 614 553 676 magnopere
582 592 651 672 effe,
669 614 702 656 ut
732 599 915 657 exercitumio

230 676 359 754 potestate
371 677 484 755 hadent.
499 674 612 756 Differri
621 698 676 736 non
689 676 771 758 poffe
785 682 853 738 adeo
864 700 918 738 eon·

234 756 334 813 citatos
349 757 479 815 animos:
500 758 572 837 iosos
582 760 636 836 fibi
655 759 747 818 locum
771 781 806 819 ac
825 778 915 840 tempus

229 838 373 915 pugnandi
390 834 563 916 ficmpturos,
578 839 608 916 fi
629 839 664 897 ab
692 841 852 920 Imperatore
870 858 914 898 noe

234 917 317 974 detur.
332 914 413 976 Dum
429 916 490 976 haec
508 915 683 998 loquuntur,
702 917 836 998 jumenta
850 917 911 979 sorti

233 992 375 1076 pascentia
393 1016 472 1056 extra
490 998 599 1058 vallum
619 995 709 1059 Gallo
726 999 855 1091 abigenti
864 999 912 1058 duo

232 1077 339 1136 milites
349 1076 473 1137 Romani
482 1079 658 1139 ademerunt.
667 1078 702 1139 ln
715 1100 769 1143 eos
780 1085 913 1140 iaxacon-

228 1156 431 1242 jediaaGallis
448 1178 457 1231 3
476 1159 582 1219 deinde
599 1159 635 1219 ab
650 1159 788 1221 Romana
806 1160 912 1241 statione

232 1240 342 1299 clamor
362 1256 459 1312 ortus,
472 1260 505 1298 ac
525 1239 692 1321 procursum
710 1245 858 1324 utrimque
868 1237 912 1300 est.

230 1321 350 1401 Jamque
361 1320 436 1380 haud
448 1321 548 1401 procul
556 1318 631 1399 justo
644 1322 754 1403 proelio
767 1343 813 1382 res
823 1336 910 1393 erant,

229 1402 260 1462 ni
280 1401 410 1462 celeriter
424 1400 599 1481 diremptum
612 1420 762 1463 certamen
777 1424 831 1484 per
851 1421 910 1461 cen·
945 1414 946 1417 ’

228 1485 360 1543 turinnesv
368 1479 443 1541 esset.
457 1479 608 1541 Affirmata
624 1483 703 1542 certe
722 1502 762 1545 eo
778 1479 910 1543 casuTuI·

228 1564 259 1624 lii
278 1563 354 1646 apud
381 1560 549 1622 didatorem
574 1561 713 1643 fides'est
737 1587 746 1639 ;
771 1585 827 1624 nec
844 1563 908 1622 reci-

227 1646 325 1727 piente
334 1643 393 1724 jam
403 1643 570 1703 dilationem
581 1664 627 1719 re,
636 1645 665 1703 in
696 1644 828 1705 osterum
839 1643 906 1703 diem

227 1726 369 1798 edicitur,
383 1726 442 1784 acie
460 1740 644 1807 pugnaturos.
655 1665 905 1797 Dictatortanen
945 1766 946 1781 2

227 1822 260 1866 ut
271 1809 319 1889 qui
336 1807 426 1886 magis
440 1807 562 1879 animis,
579 1805 665 1886 quim
680 1807 793 1867 viribus
806 1851 816 1882 ,
827 1805 905 1865 fretus

140 1887 144 1893 ’
227 1887 264 1947 ad
282 1903 426 1946 certamen
444 1885 651 1960 descenderet,
671 1890 771 1948 omnia
795 1890 904 1948 circum·
945 1880 946 1929 ἕ

226 1967 336 2052 spicere
355 1984 439 2049 atque
456 1969 561 2049 agitare
574 1970 664 2048 coepit
676 2011 686 2039 ,
698 1985 731 2028 ut
747 1985 809 2028 arte
820 1963 904 2047 aliqui
945 1988 946 2013 1

224 2067 368 2112 terrorem
383 2046 511 2107 hostibus
529 2050 676 2107 incuteret.
692 2045 802 2109 Solerti
817 2050 904 2108 animo

223 2152 287 2191 rem
306 2150 412 2190 novam
432 2130 599 2211 excogitat,
623 2128 679 2211 qud
700 2128 809 2190 deinde
829 2125 902 2188 musti
945 2162 946 2165 =

222 2210 313 2273 nostri
331 2226 416 2292 atque
438 2211 549 2269 externi
576 2210 790 2291 imperatores,
815 2205 902 2269 nostri
945 2226 946 2279 i

222 2313 340 2374 quoque
358 2290 474 2371 quidam
489 2305 572 2347 aetate
582 2332 592 2361 ,
601 2287 643 2348 usi
654 2288 725 2349 sunt.
736 2289 828 2351 Musis
842 2287 901 2349 stra·
945 2290 946 2349 i

221 2388 251 2431 ta
268 2371 375 2431 detrahi
393 2367 473 2447 jubet
484 2391 495 2442 ;
507 2366 636 2449 binisque
654 2373 764 2430 tantum
787 2386 900 2432 centun-

220 2453 295 2511 culis
321 2449 446 2521 relisiis,
463 2445 615 2531 agasones,
638 2454 743 2532 partim
760 2452 898 2535 captivis,
945 2450 946 2491 ff

243 2533 326 2590 artim
348 2548 489 2609 aegrorum
516 2531 605 2607 armis⁹
626 2549 742 2592 ornatos
771 2531 899 2614 imponit.

220 2554 278 2672 iiis
294 2609 355 2670 fere
379 2607 458 2668 mille
485 2607 613 2685 essedis,
631 2629 746 2673 centum
768 2610 898 2675 admiscet

221 2694 332 2774 equites
349 2712 358 2765 ;
373 2690 406 2751 δι
426 2689 511 2751 nodie
525 2689 617 2774 super
636 2691 724 2752 castra
737 2696 767 2753 in
787 2710 896 2755 montes

221 2772 364 2847 evadere,
384 2792 416 2830 ac
435 2770 526 2853 sylvis
541 2771 727 2851 seoccultare
743 2771 897 2853 jubet,ne·

219 2873 277 2939 que
291 2854 358 2918 inde
380 2852 446 2915 ante
469 2855 603 2931 moveri,
624 2854 710 2937 quim
732 2854 768 2917 ab
782 2854 811 2918 se
829 2853 894 2935 acci:
