1950 3617
192 222 412 294 Lrunn
468 220 552 293 IX.
646 244 716 321 309

51 343 98 393 tem
116 334 238 397 hostium
253 340 326 400 inter
349 338 493 421 perculsos
519 339 586 423 fugi
603 353 823 402 vetera-2²4

47 433 89 474 nos
108 437 143 475 ne
171 420 306 480 tentando
336 420 454 501 quidem
480 419 545 481 satis
568 423 742 481 certaminiU

47 490 104 589 fore.
120 495 182 557 Nec
203 519 254 559 eos
266 501 368 581 opinio
384 499 485 561 fefellit
498 523 505 562 ε
518 522 619 562 omnes
637 499 717 562 Sam·
775 483 809 560 ³⁰⁵,

50 591 132 635 uuum
153 580 266 659 copiae,
282 598 395 642 veteres
414 601 578 663 novaeque,
601 599 715 644 montes

48 659 180 733 proximos
197 657 267 741 fugai
277 661 408 741 capiunt:
423 662 459 721 eb
475 664 508 723 &
519 661 649 722 Romana
660 665 714 723 eri-

45 735 105 815 gitur
120 740 194 815 acies
215 760 294 813 3nec
317 741 474 823 quidquam
495 739 557 801 saris
576 744 631 802 ruti
653 742 711 804 loci

45 815 110 875 nffis
120 817 181 892 est,
198 823 234 881 ὃ(
249 820 285 879 de
296 815 391 902 jugis,
406 843 468 902 quae
481 840 634 903 ceperant,
648 821 711 883 fun-

46 894 131 956 duntur
151 898 296 981 3jamque
314 902 372 959 uni
386 922 461 961 voce
481 923 582 962 omnes
606 923 708 984 pacem

45 977 170 1067 petebant.
187 978 290 1055 Tum,
308 982 394 1041 trium
411 980 549 1042 mensium
563 980 708 1043 frumento

43 1075 166 1137 imperato
180 1105 191 1134 ‚
214 1061 249 1121 &
264 1082 357 1122 annuo
370 1060 533 1142 stipendio,
550 1084 582 1123 ac
594 1060 710 1145 singulis

44 1136 197 1198 inmilitem
216 1142 341 1215 runicis,
358 1141 394 1201 ad
411 1139 536 1201 senatum
555 1144 632 1224 pacis
649 1163 711 1202 ora·

44 1232 106 1277 rores
121 1218 203 1280 miffi.
222 1218 376 1281 Cornelius
398 1222 428 1280 in
446 1220 562 1282 Samnio
589 1221 709 1283 relicius.

43 1293 153 1359 Marcius
174 1301 213 1361 de
233 1299 364 1362 Hernicis
391 1305 476 1361 trium
498 1303 587 1375 hans,
609 1304 638 1360 in
663 1323 711 1361 ur·

44 1375 101 1437 bem
115 1382 201 1440 rediit
214 1378 379 1463 3staruaque
395 1325 531 1463 equelris
543 1382 572 1441 in
586 1378 651 1442 foro
664 1382 711 1444 de·

44 1475 109 1518 creta
125 1460 181 1535 est,
196 1481 263 1543 quae
280 1479 345 1522 anre
363 1461 503 1544 templum
520 1456 646 1524 Castoris
677 1485 712 1524 o·

45 1534 86 1597 fita
100 1538 148 1603 est.
166 1542 363 1601 Hernicorum
380 1543 467 1602 tribus
485 1544 622 1624 populis,
672 1544 712 1604 la-

46 1620 147 1696 triniati,
165 1622 339 1694 Verulano,
355 1622 551 1695 Ferentinati,
569 1626 635 1703 quia
653 1644 712 1683 ma·

47 1696 164 1777 luerunt,
185 1701 274 1784 quim
293 1704 459 1778 civitatem,
477 1701 532 1762 su'ae
553 1702 631 1785 leges
645 1704 714 1764 red-

49 1776 100 1839 dirae
111 1803 121 1856 3
132 1783 367 1865 connubiumque
382 1785 455 1843 inter
464 1781 559 1863 ipsos,
571 1784 650 1864 quod
661 1786 714 1844 ali-

48 1863 169 1938 quamdiu
189 1862 243 1923 soli
254 1862 445 1924 Hernicorum
464 1862 637 1937 habuerunt,
652 1885 714 1944 per·

47 1939 155 2004 millum.
172 1942 350 2025 Anagninis,
362 1947 411 2026 qui
432 1965 469 2004 ue
484 1965 562 2003 arma
575 1943 715 2004 Romanis

48 2019 205 2096 munerant,
222 2025 322 2085 civitas
338 2022 397 2083 fine
412 1967 536 2106 lirffragii
553 2025 657 2084 latione
669 2024 716 2083 cla·

48 2114 89 2175 ¹³3
98 2106 220 2164 concilia
232 2103 431 2186 connubiaque
448 2103 600 2185 adempta:
612 2105 645 2165 &
657 2123 716 2163 rna-

50 2179 213 2259 gistraribus,
252 2202 418 2267 raeterquam
435 2182 578 2245 sacrorum
595 2184 717 2243 curario·

50 2280 98 2337 ne,
115 2207 302 2326 interdilium.
321 2263 435 2325 Eodem
452 2286 526 2324 anno
546 2263 622 2323 aedes
639 2260 717 2323 Salu-

51 2342 109 2401 risa
124 2344 160 2406 C.
176 2346 262 2407 Junio
277 2344 407 2405 Bubulco
418 2343 534 2405 censore
552 2344 643 2403 locata
654 2342 717 2416 est,

53 2441 129 2501 quam
142 2424 240 2487 consul
255 2425 335 2486 bello
350 2423 517 2484 Samnitium
531 2440 669 2484 voverat:
682 2424 718 2484 ab

52 2503 149 2564 eodem
165 2506 331 2588 collegaque
351 2502 411 2584 ejus
426 2504 470 2564 Μ.
490 2502 607 2563 Valerio
626 2499 719 2564 Maxi-

52 2599 95 2642 mo
112 2588 167 2646 viae
181 2606 234 2681 per
254 2606 337 2668 agros
351 2584 465 2666 publica
483 2584 612 2666 impensi
629 2582 718 2644 faclae.

52 2656 156 2725 Etcum
166 2662 442 2748 Carthaginiensibus
456 2664 562 2725 eodem
579 2685 654 2724 anno
667 2663 720 2723 foe-
744 2683 830 2745 'canna

53 2738 99 2800 dus
115 2747 199 2806 tertio
217 2763 388 2806 renovatum
400 2767 409 2819 3
424 2743 578 2827 legatisque
598 2764 698 2803 eorum
709 2786 719 2814 ,
731 2731 824 2833 ffls‘*

53 2823 96 2901 qui
109 2823 145 2907 acl
160 2826 191 2892 id
205 2842 360 2906 uenerant,
371 2827 493 2891 comiter
502 2843 619 2890 munera
632 2821 728 2903 missac,
