1950 3617
235 228 277 346 {6
385 250 735 338 'zyerrr

123 379 220 417 πει-,ε
232 363 303 422 nihil
321 382 372 443 per
389 363 492 424 alteros
515 363 605 438 stare,
627 368 811 448 quominus
831 362 958 442 incepta

125 439 220 541 {lg-33}
232 441 473 524 persequerentur.
490 444 581 505 Latini
594 445 751 527 poledi,
768 468 789 504 a
804 442 957 504 societate

216 526 329 604 pacis,
348 542 380 585 ut
400 525 549 600 rebantur,
569 524 768 599 inhonestae,
793 523 861 584 sese
888 522 956 580 vin.-

233 604 409 667 dicaverunt.
422 604 573 679 Antiates,
588 606 807 665 incommodis
828 601 952 661 arbitris

232 682 391 745 salutarium
422 685 604 748 consiliorum
629 688 764 745 remotis
787 730 799 759 ,
839 682 950 743 urbem

231 763 371 847 agrosque
383 765 521 825 Romanis
532 767 648 826 dedunt.
659 766 710 825 Ira
723 769 762 827 &
773 764 881 823 rabies
893 760 947 819 La·

232 847 358 905 tinorum
370 889 379 916 ‚
390 849 457 926 quia
470 867 524 905 nec
540 845 688 927 Romanos
701 846 796 905 bello
808 842 944 909 laedere,

233 946 288 996 nec
303 925 425 985 Volscos
444 930 473 984 in
494 930 578 986 armis
599 929 729 987 retinere
751 936 940 1007 potuerant,

234 1006 271 1068 ‚eb
282 1009 389 1086 erupit,
398 1023 429 1065 ut
440 1005 578 1066 Satricum
589 1007 708 1081 urbem,
718 1027 795 1087 quae
806 1017 941 1082 recepta·

233 1086 331 1148 culum
348 1090 471 1168 primum
483 1090 525 1147 eis
545 1086 669 1147 adversae
684 1107 804 1169 pugnae
822 1083 937 1150 fuerat,

232 1167 293 1305 ἰξυῖ
312 1185 525 1228 concremarent
539 1190 550 1240 3
563 1188 617 1227 nec
635 1168 713 1226 aliud
733 1166 853 1226 tedium
870 1160 931 1241 ejus

246 1246 370 1327 uperfuit
386 1247 463 1307 urbis
484 1246 596 1327 (quum
611 1247 687 1306 faces
707 1249 829 1328 pariter
849 1243 932 1303 sacris

233 1326 413 1408 profanisque
433 1325 608 1407 injicerent)
625 1327 711 1409 quim
739 1328 848 1386 matn's
866 1321 929 1382 Ma

233 1423 301 1467 rutra
320 1407 469 1486 templum.
487 1407 559 1466 Inde
578 1428 629 1466 eos
645 1428 699 1467 nec
722 1406 777 1466 sua
798 1406 925 1486 religio,

231 1506 287 1547 nec
302 1488 478 1547 verecundia
491 1487 577 1547 deirm
594 1486 707 1547 arcuisse
727 1489 862 1558 dicitur,
879 1478 925 1541 sed

232 1587 295 1626 uox
310 1567 472 1642 horrenda,
486 1568 562 1626 edita
581 1568 690 1648 templo
711 1585 784 1627 cum
797 1564 922 1626 tristibus

193 1682 200 1692 «
235 1647 336 1721 minis,
350 1649 379 1705 ni
400 1648 539 1707 nefandos
562 1650 641 1729 ignes
665 1649 772 1728 procul
795 1643 921 1706 delubris

135 1738 191 1810 ,mla
203 1737 224 1760 '¹'
236 1725 412 1787 amoviffent.
423 1727 556 1787 Incensos
566 1729 601 1787 ei
618 1726 694 1786 rabie
710 1730 753 1786 im
779 1743 843 1787 etus
854 1718 917 1784 Tus

167 1821 203 1857 inis
236 1807 331 1866 culum
349 1808 431 1879 tulit,
451 1807 490 1867 ob
504 1810 590 1882 iram,
608 1807 687 1889 quod
704 1808 742 1867 de
757 1824 824 1868 erto
845 1821 918 1865 corn·

234 1890 314 1948 muni
331 1889 455 1947 concilio
473 1888 660 1960 Latinorum,
674 1908 734 1946 non
751 1890 784 1947 in
803 1885 917 1948 socien·

234 1984 295 2028 rern
308 1969 399 2028 modo
415 1967 594 2041 Romanam,
610 1966 755 2026 sedetiam
771 1970 809 2026 in»
824 1968 914 2028 civita·

234 2065 294 2108 tem
313 2047 341 2107 se
364 2046 511 2107 dedissent.
532 2048 693 2107 Parentibus
713 2050 808 2127 portis
828 2062 912 2129 quum

233 2130 274 2189 im
296 2130 394 2189 roviso
408 2126 584 2202 incidissent,
603 2130 697 2208 primo
716 2126 845 2187 clamore
861 2144 910 2203 op·

232 2151 334 2291 picium
344 2225 447 2290 praeter
460 2229 555 2270 arcem
570 2224 684 2288 captum
703 2206 761 2267 est:
775 2210 805 2268 in
820 2222 909 2267 arcem
956 2235 957 2238 ¹

234 2289 373 2369 oppidani
384 2287 514 2371 refugite
529 2309 595 2347 curn
611 2285 782 2369 conjugibus
796 2310 830 2347 ac
841 2288 909 2346 libe-

233 2372 291 2439 ris,
308 2367 475 2449 nuntiosque
493 2367 637 2439 Romam,
650 2370 699 2448 qui
710 2370 862 2428 certiorem
874 2363 908 2422 da

235 2446 287 2508 suo
306 2447 370 2508 casu
385 2447 511 2507 senatum
527 2446 672 2521 facerent»,
696 2446 807 2508 misere.
827 2440 908 2506 Haud

234 2526 362 2608 segnius,
375 2526 460 2608 quim
472 2525 530 2585 fide
546 2528 646 2608 populi
657 2527 781 2587 Romani
795 2529 905 2607 dignuin

235 2606 303 2681 suit,
319 2608 456 2666 exercitus
474 2604 629 2667 Tusculum
645 2605 753 2666 dubius.
772 2609 805 2668 L.
817 2607 906 2685 Quin?

200 2753 203 2761 ἱ
232 2689 309 2760 tius,
327 2689 359 2747 &
375 2684 491 2747 Servius
506 2685 645 2767 Sulpicius
664 2687 768 2746 tribuni
787 2688 902 2747 militum

231 2768 371 2829 duxere:
394 2766 498 2826 clausas
518 2785 614 2848 portas
625 2765 766 2839 Tusculi,
786 2760 902 2828 Latinos.-

234 2867 292 2933 que
309 2845 390 2914 srnrul
415 2846 605 2913 obsidentium
628 2864 712 2934 atque
736 2846 901 2914 obserronn
