1950 3617
143 216 146 223 ⁴
201 248 247 343 ψ
382 252 433 321 ’Ἦ
484 215 694 323 Ltrrt

5 355 6 442 i
78 385 185 420 εει-.-
198 384 294 424 arcem
310 363 474 441 intuentes,
488 385 521 429 ut
544 368 580 428 ad
611 369 684 429 deos
703 364 893 428 immortates·

74 440 290 545 ,ἓξὲξ-νεώ,
304 448 343 507 de
362 446 389 508 se
408 447 574 528 judicarent.
593 449 627 509 In
639 448 753 531 Campo
769 447 889 507 Martio

175 546 288 607 *quum
312 532 489 589 centuriatim
512 530 635 613 populus
660 533 821 602 citaretur,
846 530 888 589 ἃ(

195 627 262 667 reus
277 608 313 678 ad
323 607 367 670 Ca
388 610 501 671 itolium
518 633 618 671 manus
630 610 769 683 tendens,
781 609 816 667 ab
831 608 893 669 ho·

196 688 322 748 minibus
340 712 357 749 a
396 692 467 752 deos
491 712 590 772 preces
611 690 772 763 avertisset3
789 711 889 770 appa-

195 770 407 846 ruittribunis‚
422 771 474 831 nist
484 772 585 832 oculos
597 794 656 854 quo
678 792 716 831 ue
725 771 887 830 hominum

197 849 357 912 liberassent
369 854 404 912 ab
415 856 485 913 tanti
499 855 639 913 memoria
656 794 786 922 iecoris,
800 871 890 910 nurn-

197 952 284 1012 quam
305 931 368 992 fore
389 936 419 991 in
435 936 641 1015 praeoccupatis
654 930 798 992 beneficio
820 934 887 991 ani-

196 1013 252 1072 mis
270 1034 343 1073 vero
362 1016 471 1073 crimini
488 1015 596 1075 locum.
607 1014 655 1074 «Ita
670 1011 800 1095 prodibit
811 1012 887 1087 die,

183 1092 228 1160 -in
242 1091 412 1155 Poetelinum
424 1096 521 1157 lucum
533 1112 611 1155 extra
621 1111 734 1175 portam
747 1093 889 1152 Nomen-

195 1188 309 1249 tanam,
322 1177 399 1236 unde
412 1174 577 1258 conspecbus
586 1179 615 1234 in
627 1173 670 1235 Ca
692 1175 803 1234 itolium
817 1195 886 1234 non

197 1253 265 1315 esset
275 1301 286 1328 ‚
308 1258 463 1322 concilium
479 1255 580 1337 populi
600 1197 735 1315 indissurn
752 1254 793 1314 est
811 1277 818 1315 :
836 1254 885 1315 ibi

84 1334 183 1421 afim&
197 1338 306 1396 crimen
321 1337 429 1408 valuit,
447 1338 479 1397 &
502 1335 648 1396 obstinatis
674 1337 775 1395 animis
798 1334 885 1397 triste

117 1406 125 1424 ⁰
195 1414 353 1498 judicium,
367 1416 547 1498 invisumque
555 1414 791 1495 etiamjudicibus
797 1416 886 1487 ,fac-
927 1415 932 1418 ’

194 1516 267 1560 tum.
282 1495 353 1556 Sunt
368 1500 417 1581 qui
430 1520 483 1580 per
498 1498 685 1570 duumviros,
697 1500 747 1579 qui
762 1498 798 1555 de
812 1518 884 1578 pet·-

193 1578 341 1639 duellione
366 1582 567 1660 anquirerent,
590 1595 722 1649 creatos,
747 1576 883 1640 aubiores

193 1657 248 1718 stnt
265 1658 439 1720 damnatum.
458 1658 581 1719 Tribuni
601 1659 637 1718 de
657 1657 722 1717 faxo
747 1657 884 1739 Tarpeio

193 1738 361 1820 dejecerunt
374 1762 383 1814 3
394 1740 528 1822 locusque
545 1740 623 1799 idern
634 1741 664 1797 in
680 1760 739 1797 uno
756 1740 882 1801 homine

193 1821 229 1892 ὅ(
244 1822 355 1879 eximia
369 1823 468 1903 gloriae
488 1836 722 1893 monumentum,
737 1822 771 1881 ἃ
780 1842 882 1900 poenae

191 1900 302 1966 ultimae
319 1900 382 1961 fuit.
400 1900 531 1981 Adjeuae
552 1920 668 1961 mortuo
686 1918 763 1960 notae
783 1900 847 1961 sunt
866 1923 879 1977 ;

216 1980 310 2041 ublica
323 2004 395 2053 una,
406 1982 502 2065 qubd‚
513 2004 601 2064 quum
613 1982 717 2041 domus
735 1979 796 2060 ejus
810 1981 882 2043 fuin-

193 2002 236 2122 iet
247 2063 315 2137 ,ubi
329 2084 404 2123 nunc
413 2063 498 2124 aedes
511 2080 595 2145 atque
613 2059 729 2122 officina
744 2061 878 2125 Monetae

192 2141 254 2217 est,
276 2143 365 2203 latum
380 2140 423 2205 ad'
433 2145 574 2286 ptgtlum
588 2142 629 2203 est
639 2189 649 2218 ‚
659 2163 696 2201 ne
708 2145 771 2224 quis
790 2148 881 2224 patri-

189 2225 254 2284 cius
269 2225 299 2283 in
316 2245 380 2285 arce
394 2242 441 2285 aut
481 2270 482 2273 ,
505 2225 606 2306 pitolio
622 2225 760 2287 habitaret
779 2245 789 2297 ;
808 2244 881 2306 gen·

189 2304 274 2366 tilitia
290 2306 393 2379 altera,
412 2305 491 2388 qubd
511 2308 602 2390 gentis
619 2304 737 2364 Manliae
755 2304 876 2367 decreto

190 2403 306 2446 cautum
326 2385 389 2460 est,
413 2407 449 2445 ne
468 2388 532 2466 quis
551 2385 657 2445 deinde
680 2384 723 2443 M.
746 2383 885 2447 Manlius-

190 2466 578 2527 vocaretur.·Hunc.exin1m
592 2466 690 2526 habuit
702 2467 767 2539 vit,
778 2465 829 2526 nist
842 2470 883 2544 inn

189 2545 280 2608 libera
309 2549 425 2606 civitate
449 2563 531 2606 natus
556 2544 644 2620 effet,
666 2546 874 2610 memorabilia

182 2625 330 2708 vPopulum
350 2626 453 2699 brevi,
476 2626 626 2709 postquam
650 2628 809 2707 periculum
834 2630 873 2689 ab

188 2727 225 2770 eo
244 2706 353 2767 nullum
375 2723 452 2779 erat,
466 2728 518 2788 pet
538 2707 566 2767 se
585 2708 658 2789 ipsas
669 2707 870 2770 recordantem

183 2788 322 2859 virtutes,
334 2786 505 2848 defiderium
525 2787 586 2869 ejus
604 2791 716 2849 tenuit:
734 2786 880 2870 pestileu·.

185 2869 226 2952 tiu
242 2870 329 2933 uiam
345 2869 428 2934 brevi
439 2869 605 2949 consecuta,
618 2870 702 2931 nullis
717 2889 870 2950 occurram
