1950 3617
242 317 311 366 222
437 295 730 382 T.L1V11

131 425 228 473 ῑιι--ε
241 411 273 471 id
289 409 383 485 verb,
400 409 570 472 circumfuso
586 410 711 493 undique
729 397 882 493 equitatu,
894 421 921 470 ut

132 493 230 586 (lg-⁴³²·
243 491 351 553 vallum
363 507 527 573 peteretur,
541 489 671 573 opusque
689 493 852 573 inciperet,
864 489 920 551 fieri

131 554 153 587 ⁸⁸
174 556 232 599 '³²⁰'
243 593 303 633 non
315 588 436 654 poterat.
455 571 574 652 ltaque,
594 571 644 631 ubi
662 593 757 654 neque
778 572 867 632 eundi
880 589 923 629 ue»

243 673 301 735 que
321 652 454 712 manendi
476 655 591 734 copiam
616 650 672 712 effe
695 652 807 726 videt,
825 649 921 710 instru'r

244 736 357 806 aciem,
375 732 588 813 impedimentis
610 734 786 814 exagmine
804 730 922 798 remotis·

245 811 390 874 Instruunt
408 812 507 873 contri
531 814 564 874 δι
587 811 703 887 hostes,
723 815 758 874 ὃ(
778 807 919 882 animis&
955 809 956 816 '

246 892 354 954 viribus
372 912 453 974 pares
466 910 599 953 :auxerat
616 894 646 952 id
660 893 791 952 maxime
803 894 919 962 animur,
956 937 957 960 r

246 973 345 1055 qubdi
366 975 424 1032 nari
441 973 509 1034 loco
520 974 708 1054 iniquo,n0n
717 971 800 1034 hosti
813 970 921 1043 cellum,
956 969 957 1036 Ῠ

246 1052 328 1114 velut
343 992 484 1136 dugientes
501 1074 534 1113 ac
545 1054 659 1113 territos
669 1052 817 1113 terribiles
828 1050 878 1133 ipsi
888 1047 925 1110 le·
956 1053 957 1080 ³

248 1135 307 1193 cuti
326 1131 444 1194 fuerant.
470 1132 506 1193 Id
530 1133 705 1216 aliquamdiu
729 1135 862 1216 aequavit
881 1149 927 1213 pu-
955 1172 957 1196 5

250 1233 354 1296 gnam,
372 1210 431 1295 jam
454 1212 568 1295 pridem
590 1212 707 1274 desueto
729 1211 862 1274 Samnite
878 1210 926 1271 clt-
955 1235 957 1246 ¹

202 1302 207 1313 ‘
221 1314 238 1339 m
252 1313 364 1354 morem
382 1292 508 1354 Romani
524 1293 663 1354 exercitiis
677 1296 746 1375 pari.
760 1292 808 1354 At
822 1289 926 1352 hercule
955 1271 957 1344 l

139 1364 199 1438 ‘iiii
217 1420 225 1430 .
251 1374 302 1434 illo
324 1373 371 1433 die
387 1373 423 1432 ab
441 1374 513 1434 hora
523 1372 581 1433 diei
595 1376 678 1433 tertia
697 1373 734 1435 ad
750 1371 926 1434 octavarum
950 1375 958 1428 l

189 1472 196 1490 ·
251 1474 355 1536 anceps
377 1453 479 1513 dicitur
498 1470 641 1513 certamen
657 1451 762 1514 steritle
776 1499 788 1528 ‚
800 1469 834 1513 ut
843 1467 927 1532 neque

252 1536 380 1608 clamor,
391 1551 423 1594 ut
437 1535 533 1615 primu
544 1532 630 1594 semel
642 1531 785 1595 concursu
795 1531 839 1596 est
848 1530 927 1598 subh·

251 1633 316 1688 tus,
327 1616 441 1675 iteratus
458 1613 512 1688 sit,
528 1633 621 1697 neque
641 1611 719 1695 signa
735 1630 876 1696 promota
891 1611 927 1671 lo-
946 1627 958 1694 ’χ

253 1717 311 1768 co,
326 1712 440 1756 retrove
458 1710 594 1776 recepta,
614 1713 650 1753 ue
692 1715 707 1754 e
731 1693 880 1755 recursum
898 1688 928 1749 ab
949 1711 958 1732 f

253 1774 311 1836 ulla
328 1774 361 1834 s1t
376 1791 465 1856 parte.
486 1773 521 1833 ln
539 1773 589 1834 suo
627 1776 656 1832 ui
669 1794 726 1856 que
745 1775 839 1857 gradu
858 1771 925 1833 obri·
959 1801 960 1807 ¹

254 1857 308 1927 xi,
328 1872 461 1936 urgentes
488 1795 670 1928 scutis,i1ne
698 1854 927 1937 respirationem
958 1854 960 1888 ¹

253 1932 383 2017 respeiiu
419 1935 562 2016 ugnabant
578 1934 728 1995 :fremitus
745 1935 881 2018 aequalis,
891 1950 926 1991 re·

254 2035 365 2098 norque
383 1956 461 2074 idem
476 2035 578 2098 pugnae
588 2017 618 2078 in
629 2014 715 2075 delati
735 2018 866 2078 ationem
877 2012 927 2072 ulri-
958 2016 960 2024 ’

254 2118 331 2161 mam
350 2112 397 2158 aut
413 2094 527 2156 nollem
547 2092 697 2177 spellabat.
716 2036 784 2158 iam
805 2098 875 2155 viris
889 2094 928 2153 vi

255 2197 323 2251 res,
341 2174 399 2256 jam
411 2174 488 2240 ferro
506 2173 631 2249 suavis,
646 2173 705 2254 jam
722 2174 844 2239 consilia
858 2173 926 2235 duci-

254 2259 310 2320 bus
326 2256 462 2329 deerant,
474 2276 562 2336 quum
573 2252 665 2316 subiti)
675 2254 847 2318 Samnitium
858 2276 873 2315 e
907 2254 913 2266 '

255 2354 319 2411 tes,
335 2356 422 2431 quum
435 2380 445 2408 ‚
458 2335 552 2394 turmd
569 2335 626 2395 und
644 2336 757 2418 longius
777 2274 926 2419 provedd:

257 2414 425 2498 acceprffent
441 2414 645 2497 impedimenta
657 2414 859 2477 Romanorum
873 2406 925 2497 pio·

258 2496 304 2558 cul
319 2496 354 2554 ab
374 2498 486 2558 armatis
507 2494 566 2554 fine
591 2494 742 2577 prasidio,
761 2496 822 2558 sme
845 2493 926 2557 muni·

256 2593 355 2638 mento
372 2573 442 2634 stare
454 2621 463 2649 ,
473 2574 609 2640 aviditate
626 2577 731 2656 praedae
748 2570 945 2659 imperumfe·

169 2731 171 2734 Ι
256 2659 345 2716 ciunt.
365 2653 459 2731 Quod
475 2654 525 2714 ubi
540 2655 666 2719 dittrrort
684 2674 726 2715 tre
748 2658 814 2716 idus
825 2656 926 2716 nuntius

256 2736 348 2798 attulit
360 2757 369 2809 ;
381 2738 447 2795 Sine
457 2736 536 2796 modd
547 2781 559 2807 ,
571 2739 663 2817 inquit
673 2782 683 2809 ‚
690 2679 747 2813 fede)
759 2738 856 2818 μᾶλά
865 2752 924 2816 prae·

142 2892 147 2904 Ι
252 2820 367 2905 pediam
377 2837 386 2875 r
396 2815 443 2875 alii
458 2815 563 2876 deinde
581 2814 664 2897 super
675 2817 745 2876 alios
755 2861 765 2890 ,
776 2817 860 2899 diripi
891 2810 925 2871 as*

257 2895 309 2964 sm
319 2896 444 2982 ferrique
459 2893 588 2962 formum
604 2896 727 2963 militurn
742 2836 926 2966 vociscrrdur
