1950 3617
223 228 556 301 LraanX.
669 249 736 331 345
844 307 849 316 ι

47 331 77 412 ,ἃ
93 356 218 423 quarta,
238 346 276 406 &
294 343 435 407 sociorum
453 344 607 407 duodecim
629 348 849 409 milliaze--a

47 418 134 482 castra
153 423 238 485 haud
254 426 358 507 procul
379 426 414 485 ab
431 424 512 486 hoste
530 424 629 507 polita.
649 425 741 489 Cere·
749 421 848 523 ἓξὲξ·

46 519 107 568 mm
131 507 230 587 magis
255 508 296 567 ei>
314 504 473 587 profedittm
492 503 556 580 est,
614 506 654 566 dd
677 529 740 567 ma·
791 498 797 514 ’
841 494 849 514 ⁸

45 581 104 667 pare
119 602 253 645 ventum
274 603 355 659 erat,
373 603 404 646 ut
424 583 561 667 quosdam
594 585 738 668 pellantes

44 680 100 739 Jam
117 684 201 725 arma
220 665 347 728 Etruriae
365 666 489 748 populos
507 683 599 726 metus
613 665 738 728 Romani

45 745 169 804 nominis
185 748 401 828 comprimeret
415 790 426 819 ‚
441 744 527 828 quim
550 747 630 828 quod
650 746 737 808 ductu

48 821 167 884 consulis
232 827 355 909 idquam
374 826 414 885 ibi
435 825 497 885 satis
522 824 589 886 sciti
609 843 655 886 aut
674 825 736 886 for·

47 903 138 964 amate
158 926 196 999 ge
226 928 282 967 um
304 905 346 988 stt.
370 905 464 966 Multa
507 907 588 967 roelia
610 907 681 967 locis
701 908 848 972 &raupta
924 973 930 982 ,

49 929 734 1128 strumumliutran

81 1084 247 1224 opegterat,
266 1163 300 1206 ut
314 1167 367 1206 nec
383 1146 449 1206 duci
464 1146 570 1206 milites
580 1113 599 1221 ‚'
608 1166 662 1206 nec
674 1089 735 1205 ltui-
746 1113 815 1213 {iiiiii

63 1222 142 1284 ‘tibus
161 1225 226 1286 dux
241 1225 308 1286 satis
326 1224 436 1288 fideret.
457 1225 578 1286 Litteras
595 1225 631 1286 ad
647 1226 737 1287 colle·

54 1319 112 1381 gam
129 1304 335 1368 arcell'endum
351 1327 388 1367 ex
398 1304 515 1367 Samnio
533 1304 623 1366 miffas
643 1308 672 1366 in
686 1310 738 1367 tri-

56 1382 95 1441 nis
109 1388 265 1448 annalibus
276 1389 394 1447 invenio
411 1410 419 1448 ε
438 1390 517 1481 piget
535 1402 631 1446 tamen
643 1389 738 1448 incer-

58 1469 111 1523 tum
147 1488 267 1541 onere,
287 1488 376 1548 quum
395 1465 503 1548 ea1psa
516 1470 588 1527 inter
606 1464 736 1529 consules

59 1560 112 1681 ff
159 1547 313 1621 Romani,
324 1546 383 1627 jam
396 1549 499 1608 iterum
509 1547 613 1607 eodem
625 1548 738 1609 honore

103 1645 227 1706 gentes,
246 1626 415 1708 discrepatio
440 1626 523 1687 fuerit
538 1649 548 1702 3
564 1628 666 1710 Appio
685 1628 737 1687 ab·

58 1720 156 1766 nuente
172 1707 271 1769 missas
284 1751 294 1780 ,
309 1707 468 1768 Volumnio
479 1705 635 1767 affirmante
644 1706 737 1790 Appii

61 1776 86 1842 le
99 1783 199 1849 litteris
217 1790 351 1849 accitum.
361 1788 422 1850 Jam
435 1786 610 1847 Volumnius
621 1790 650 1847 in
659 1785 738 1848 Sam-

61 1863 105 1923 nio
122 1870 176 1929 tria
192 1868 311 1930 castella
324 1887 357 1936 ce
379 1885 457 1941 erar,
476 1869 507 1926 in
522 1867 623 1963 quibus
638 1868 674 1927 ad
684 1870 740 1927 tria

63 1945 146 2006 millia
160 1949 294 2011 hostium
310 1891 493 2020 ecciderunt,
509 1948 660 2009 dimidium
677 1947 740 2010 fere

63 2019 118 2102 ejus
131 2047 252 2112 captum
266 2053 273 2090 :
288 2031 321 2091 δι
337 2028 517 2090 Lucanorum
531 2027 703 2101 seditiones,
722 2048 740 2087 a

64 2104 177 2183 plebeiis
194 2112 230 2172 &
249 2110 397 2192 egentibus
416 2109 536 2169 ducibus
551 2124 647 2180 ortas,
666 2106 739 2167 sum·

66 2185 108 2243 mi
123 2192 308 2271 optimatium
324 2190 470 2251 voluntate
486 2208 539 2270 per
557 2187 600 2268 Q.
619 2186 739 2246 Fabium

66 2269 281 2345 proconsulem,
292 2268 402 2330 millum
416 2271 452 2331 el>
470 2290 537 2329 cum
553 2269 645 2329 veteri
658 2288 741 2327 exer·

69 2346 141 2422 citu,
162 2349 372 2435 comprellerat.
396 2350 493 2411 Decio
521 2347 740 2430 depopulandos

69 2421 187 2492 hostium
201 2454 284 2515 agros
299 2433 447 2514 relinquit:
461 2428 522 2510 ipse
541 2450 608 2489 cum
624 2427 678 2488 suis
690 2452 741 2491 co-
764 2444 851 2507 Van„-

70 2506 120 2582 piis
127 2511 157 2567 in
169 2511 312 2574 Etruriam
327 2511 362 2572 ad
372 2511 512 2594 collegam
528 2511 620 2592 pergit
630 2531 640 2583 ;
651 2532 739 2592 quem
750 2494 852 2596 ¹22}ssss

69 2584 268 2654 advenientem
278 2595 335 2653 laeti
346 2614 446 2652 omnes
456 2612 601 2673 accepere.
609 2589 741 2672 Appium

72 2681 105 2723 ex
119 2671 291 2734 conscientia
307 2670 354 2734 sua
370 2673 457 2735 credo
476 2674 601 2732 animum
618 2670 760 2731 habuiffe·

74 2741 144 2835 im'd
157 2752 303 2816 immeriti)
316 2756 435 2828 iratum,
453 2751 474 2812 st
492 2753 564 2814 nihil
581 2750 744 2832 scripserat3

74 2821 260 2916 tlliberali3&
268 2838 377 2919 ingrato
387 2836 501 2909 animo,
513 2830 548 2970 lg)
542 2846 657 2911 eguerat
664 2850 721 2912 ope
733 2875 746 2913 2

565 2930 588 2973 V
