1950 3617
241 244 306 330 186
432 248 469 318 T.
518 250 729 319 er'rr

49 366 51 370 ’
131 353 450 505 Εεὲέοεείῖὶῆεηζ,
468 385 572 445 pacem
596 385 662 424 cum
682 363 829 426 Romanis
848 362 921 425 fecit.

132 446 230 536 Ugoss·
266 444 354 505 'odem
372 465 447 503 anno
467 444 566 506 census
584 444 678 518 affin,
694 448 829 528 novique
849 447 923 506 civ&

131 507 229 603 '‘2523''
242 523 318 585 censi
335 548 342 585 :
358 524 448 584 tribus
465 542 583 607 propter
602 546 654 585 eos
678 527 805 598 additor,
824 525 923 585 Maria

133 594 232 679 522221.
244 607 276 668 &
295 604 348 665 Sca
368 607 407 665 tia
419 604 568 666 :censores
588 606 761 666 addiderunt
777 606 825 686 Q.
838 605 922 666 Publi·

133 689 223 740 Sortie-
244 686 299 746 lius
326 627 429 759 Piiilo,
445 683 495 767 Sp.
513 685 684 746 Postumius.
710 686 843 746 Romani
866 684 921 744 fecii

242 766 401 839 Acerrani,
418 768 482 848 lege
495 767 530 826 ab
544 765 578 826 L.
590 765 629 827 Pa
650 768 703 826 ifio
738 784 849 827 raetore
861 766 919 838 lau,

283 844 474 908 ucivinssme
486 845 553 906 suffr
588 849 617 907 'o
655 863 701 912 ra.
773 869 843 909 ceo
857 866 915 907 aruo

266 929 327 987 omi
344 928 513 1009 militiaeque
529 947 564 1022 ge
847 1009 850 1013 Ι

136 1002 234 1090 ἦ
287 1005 399 1069 XVIII.
413 1006 520 1068 Foedus
536 1006 686 1089 insequens
704 1029 799 1069 annus
819 1008 869 1068 seu
887 1009 923 1066 in·

137 1090 237 1178 35103233
247 1090 387 1169 temperie
412 1089 500 1162 eceli,
524 1086 573 1148 seu
596 1089 720 1149 humani
735 1088 840 1150 fraude
862 1089 926 1162 fuit,

138 1164 173 1225 ni
183 1214 189 1232 ,
201 1185 227 1244 ς.
250 1167 295 1230 Μ.
315 1165 439 1231 Claudio
455 1167 618 1242 Marcello,
637 1167 675 1230 C.
690 1168 814 1230 Valerio
835 1168 925 1230 consu·

138 1232 225 1326 gssffi¹¹⁰
250 1248 323 1311 libus
338 1269 345 1308 :
360 1247 510 1322 Flaccum,
528 1247 728 1331 Potitumque,
744 1252 828 1311 varie
843 1254 873 1310 in
886 1272 927 1309 an-

250 1329 361 1389 nalibus
379 1348 544 1411 cognomen
561 1327 684 1389 consulis
702 1332 827 1391 invenio
840 1354 847 1392 :
860 1350 928 1392 cete·

249 1431 332 1483 rum,
346 1410 377 1467 in
392 1428 429 1470 eo
445 1411 528 1490 parvi
546 1409 648 1484 refert,
662 1411 731 1490 quid
743 1413 808 1470 veri
828 1410 863 1472 Iit
878 1413 925 1472 :ii-

251 1490 300 1551 lud
340 1490 460 1551 ervelim
476 1488 558 1574 (nec
580 1510 682 1553 omnes
694 1490 826 1552 auciotes
844 1490 924 1573 suot)

151 1587 156 1592 ’
250 1591 304 1653 pro
327 1569 494 1630 itumfalso
511 1569 584 1644 effe,
606 1573 726 1632 venenis
747 1571 924 1646 absumtos,

272 1671 375 1710 uorum
391 1670 470 1711 mors
484 1650 622 1710 infamem
646 1664 753 1711 annum
773 1595 925 1733 pestiIentii

251 1671 351 1796 iecerit
370 1754 378 1792 ι
394 1730 464 1791 ficut
481 1732 612 1813 proditur
628 1748 725 1791 tamen
746 1753 818 1808 res,
836 1753 874 1793 ne
886 1733 924 1793 tui

254 1809 400 1871 auciorum
416 1810 506 1871 fidem
527 1812 743 1892 abrogarem,
764 1813 924 1893 exponenda

168 1914 199 1938 ere
215 1902 243 1937 ⁶2⁰
256 1889 306 1951 est.
317 1889 419 1970 Quum
429 1893 571 1971 primores
582 1894 703 1951 civitatis
713 1890 851 1953 fimilIbus
861 1914 925 1954 mor·

144 1962 217 2037 IIII.
255 1972 320 2045 bis,
340 1971 502 2052 eodemque
516 1971 606 2033 ferme
623 1993 724 2034 omnes
741 1991 863 2047 eventu,
874 1995 923 2034 mo

255 2069 401 2124 serentur,
422 2052 523 2112 ancilla
545 2053 677 2133 quaedam
695 2053 732 2112 ad
750 2052 794 2131 Q.
817 2054 922 2115 Fabium

255 2132 416 2194 Maximum
428 2132 544 2192 aedilem
559 2132 701 2207 curulem,
712 2135 893 2197 indicaturam
900 2133 923 2195 se

255 2212 366 2275 causam
405 2213 506 2272 ublicae
525 2211 629 2294 pestis,
645 2212 768 2293 professa
785 2215 844 2291 est,
862 2214 924 2275 {iob

256 2316 293 2356 eo
304 2293 376 2354 fides
385 2234 438 2353 iibi
454 2293 519 2353 data
529 2291 614 2367 effer,
624 2293 700 2352 haud
715 2293 923 2360 firturumnorae

255 2375 403 2435 indicium.
422 2373 525 2436 Faqus
541 2372 692 2433 confestim
706 2395 770 2434 rem
787 2377 824 2436 ad
839 2373 903 2448 coos

257 2457 321 2526 les,
340 2453 468 2515 consules
488 2453 525 2511 ad
545 2450 671 2517 senatum
691 2453 820 2517 referunt
839 2481 848 2533 ;
865 2477 923 2516 coo⁴

166 2539 169 2544 '
257 2533 394 2615 sensuque
422 2532 530 2594 ordinis
548 2530 627 2594 fides·
649 2535 737 2594 indici
762 2537 836 2600 data.
857 2537 922 2598 Tum

258 2612 446 2697 patefacIum‚
459 2612 592 2673 muliebri
606 2612 705 2674 fraude
721 2618 863 2689 civitatem
874 2638 923 2700 pre

259 2698 320 2768 mi,
335 2690 531 2776 matronasque
552 2714 586 2758 ea
600 2715 714 2760 venena
727 2717 850 2778 coquere
862 2721 871 2773 3
883 2699 923 2771 ἃ,

259 2774 282 2838 ss
301 2771 379 2857 sequi
403 2775 551 2857 extemplo
571 2774 687 2848 velim,
710 2777 856 2840 mamsestb
881 2778 925 2839 de·

260 2854 400 2945 prehendi
409 2853 498 2944 posse,
511 2853 606 2922 Securi
613 2854 761 2937 indicem,-
774 2860 805 2923 &
814 2877 925 2945 coquer-
