1950 3617
103 465 200 522 Uenus.

102 519 200 572 ecquis.

124 1121 203 1173 Volsco·

108 1186 149 1215 rum
167 1171 202 1221 tas

111 1226 209 1273 tracapit,

212 271 236 342 6
408 272 446 343 Τ.
495 274 702 344 errt

211 385 378 528 pislitioque
389 386 497 450 inditio
509 434 520 463 ,
538 387 679 450 delesium
691 385 855 470 juniorum
867 387 930 448 ha·‘

235 471 293 543 uit,
313 470 352 529 ita
371 485 403 528 ut
420 466 545 531 seniores
566 490 703 553 quoque,
720 469 835 550 quibus
862 469 928 529 ali-

213 549 285 632 quid
302 550 416 610 roboris
430 548 600 632 superesset,
615 554 646 610 in
661 549 751 612 verba
768 547 826 609 sua
838 547 928 630 jura·

214 648 262 691 tos
282 631 460 690 centuriaret.
474 630 638 691 Exercitum
655 629 860 711 conscriptum
873 650 926 688 ar-

214 728 381 793 matumque
397 709 533 771 trifariam
551 710 647 771 divisit
663 732 671 771 r
688 728 803 792 partem
817 730 925 771 unam

215 792 247 850 in
264 810 333 873 agro
352 790 476 851 Veiente
496 791 616 852 Etruriae
642 789 778 872 opposuit
800 812 812 865 ;
840 791 923 851 alte·

215 891 277 932 satn
300 888 365 931 ante
383 871 485 931 urbetn
503 870 590 931 castra
609 872 703 931 locare
725 868 802 948 juffit
823 892 834 930 r
864 873 925 930 tri·

218 952 289 1013 buni
300 952 422 1011 militum
434 952 479 1011 his
489 951 528 1011 A.
538 951 684 1026 Manlius,
700 951 776 1024 illis,
789 953 850 1032 qui
865 951 924 1010 ad-

217 1033 318 1095 versus
336 1030 468 1093 Etruscus
486 1033 692 1106 mittebantur,
710 1029 744 1091 L.
764 1031 919 1092 AEmilius

218 1110 394 1254 liis-fiel
404 1115 516 1273 ‘3333
532 1110 919 1274 {silnltlislsissff

220 1276 291 1334 cium
306 1275 330 1332 is
348 1274 427 1333 locus
442 1270 564 1353 dicitur)
575 1271 662 1331 castra
675 1292 850 1354 oppugnare
871 1270 920 1333 est

220 1354 346 1414 adortus.
361 1351 478 1433 Quibus
486 1352 523 1411 ab
540 1370 706 1432 contemptu
718 1350 732 1433 (
742 1353 825 1433 qubd
836 1374 918 1435 pro-

221 1453 259 1516 pe
278 1453 395 1494 omnem
412 1432 564 1493 deletama
580 1430 672 1493 Gallis
691 1432 860 1493 Romanam
872 1432 919 1512 ju·

216 1530 371 1581 ⁴ventutem
385 1511 556 1592 crederent)
571 1513 607 1572 ad
623 1512 732 1573 bellurn
745 1512 893 1593 profestis
903 1557 917 1584 ,

220 1610 332 1655 tanturn
341 1590 478 1653 Camillus
488 1593 600 1652 auditus
617 1595 773 1673 imperator
787 1596 916 1654 terroris

221 1674 371 1744 intulerat,
385 1689 417 1734 ut
427 1673 506 1734 vallo
516 1672 624 1754 seipsi,
640 1672 749 1734 vallum
762 1694 820 1733 con
844 1673 914 1734 estis

222 1752 371 1814 arboribus
390 1752 536 1834 sepirent,
553 1773 590 1813 ne
603 1752 659 1835 qui
678 1755 780 1813 intrare
794 1693 914 1814 aesmu-

220 1832 445 1894 nimentahostis
454 1831 553 1915 pollet.
562 1832 657 1911 Quod
667 1834 717 1892 ubi
726 1835 914 1896 animadver-

221 1917 257 1979 tit
275 1911 434 1988 Camillus,
459 1917 557 1995 ignem
578 1917 609 1972 in
637 1912 780 1994 obje&m
807 1914 913 1998 sepem

221 1992 488 2137 itlllllssrss‘i
497 1993 914 2155 llsslgli‘lilssssl‘ll

147 2227 154 2238 ,
223 2156 284 2216 llrm
298 2154 432 2216 incendio
449 2156 550 2229 viam,
566 2153 616 2214 sed
630 2153 751 2213 flammis
770 2176 801 2216 ru
818 2155 911 2216 castra

223 2234 406 2297 tendentibus
417 2256 545 2317 ,vapore
559 2238 645 2295 etiam
655 2255 687 2294 ac
699 2232 801 2306 sumo,
819 2239 913 2317 trepi-

225 2332 314 2397 tuque
323 2315 424 2377 viridis
435 2317 560 2376 materiae
568 2315 726 2397 flagrantis,
734 2317 774 2373 ita
783 2315 913 2376 conster-

225 2398 307 2460 navit
323 2394 439 2468 hostes,
455 2412 488 2455 ut
504 2397 600 2455 minor
611 2394 704 2455 moles
714 2392 912 2476 superantibus

228 2476 339 2539 vallum
354 2478 384 2534 in
401 2473 489 2538 castra
506 2473 679 2536 Volscorum
691 2474 829 2538 Romanis
848 2474 912 2537 fue·

244 2558 250 2571 ⁸
327 2556 392 2618 uim
411 2553 682 2617 transscendentibus
699 2553 797 2638 sepem
814 2558 912 2618 incen-

128 2599 141 2672 t.
227 2574 286 2700 ¹ello,
338 2634 477 2716 sumptam
496 2634 596 2697 suerat
613 2635 691 2696 Fusrs
710 2634 837 2696 hostibus
853 2658 912 2695 cae·

230 2715 342 2797 sisque,
360 2736 448 2798 quum
463 2715 552 2776 castra
563 2720 603 2776 im
626 2734 674 2777 etu
692 2713 806 2796 cepisset
825 2715 911 2775 disia-

232 2812 297 2868 tor,
310 2796 437 2877 praedam
454 2797 539 2857 militi
555 2796 592 2857 de
614 2800 653 2870 it,
670 2797 728 2878 qub
746 2795 867 2856 minbss
882 2813 921 2856 et

233 2892 353 2940 rattnra
371 2878 490 2940 minine
506 2876 640 2961 largitore
658 2878 753 2953 duce,
772 2877 809 2941 eb
830 2898 869 2942 nu
881 2876 910 2939 ‘ri
