1950 3617
246 253 311 352 m8
438 256 475 328 Z
524 238 737 328 errr

132 373 226 432 ξε,-
243 371 385 432 dicantem
410 373 486 433 iter:
505 393 592 454 quem
609 393 700 455 quum
720 373 830 432 incerto
845 369 912 432 vado

133 452 230 545 P'cc'm‘
243 451 370 513 transiret
389 473 490 536 agmen
503 451 607 526 ‚fessus
622 471 702 513 metu
716 474 749 512 ac
765 453 857 512 labore
872 454 911 510 mi·

147 528 153 543 '
177 519 232 560 '³²³‘
243 533 307 607 les,
324 524 483 616 increpans«
496 555 605 593 nomen
630 534 853 593 abominandum
870 532 913 590 flu-

243 614 328 675 minis
341 658 350 687 ,
362 616 427 676 Jure
442 616 564 676 Acheros
576 617 686 673 voraris
698 659 707 688 ‚
719 615 820 695 inquit.
834 610 912 690 Quod

244 694 294 755 ubi
314 694 349 753 ad
367 715 447 754 aures
468 695 571 754 accidit
585 715 616 753 re
636 697 681 767 is,
697 692 806 772 adjecit
823 709 912 752 exten·

242 775 296 856 plo
306 776 432 834 animum
449 774 513 834 fatis
525 773 599 846 suis,
611 715 792 855 lirbstititque
807 773 911 843 dubius,

245 875 282 913 an
299 853 434 915 transiret.
452 853 531 915 Tum
550 853 675 914 Sotimus
688 853 821 914 minister
836 869 907 913 exre

242 935 300 1015 ‘giis
314 936 427 1015 pueris,
442 935 512 1017 quid
530 935 559 995 in
577 952 656 995 tanto
674 934 840 996 discrimine
857 931 908 1014 peri

242 1014 303 1074 ‘culi
319 1014 496 1075 cunilaretur
511 1017 705 1098 interrogans,
720 1016 831 1075 indicat
842 1013 911 1074 Lura·

243 1101 301 1153 'nos
313 1093 419 1155 insidiis
428 1115 554 1177 quarere
564 1095 670 1156 locum.
679 1094 769 1174 Quos
779 1095 830 1155 ubi
839 1091 913 1174 respo

243 1176 289 1234 nit
302 1195 352 1234 rex
370 1176 470 1270 procul
483 1195 569 1258 grege
581 1173 654 1235 iasio
666 1177 839 1250 venientes,
851 1171 914 1234 strin-

245 1257 288 1337 git
305 1255 446 1337 gladium,
464 1257 558 1337 &per
575 1255 705 1316 medium
723 1276 839 1317 amnem
848 1247 914 1314 naus·

242 1337 334 1400 mittit
350 1356 465 1417 equum.
479 1336 599 1418 Jamque
618 1338 647 1396 in
664 1334 773 1397 vadum
791 1332 913 1420 egressum

245 1417 357 1475 eminus
379 1431 482 1477 veruto
506 1415 636 1477 Lucanus
662 1415 740 1476 exsul
760 1414 913 1497 transfigit:

245 1494 355 1575 lapsum
376 1496 444 1556 inde
470 1517 537 1556 cum
558 1498 713 1557 inhaerente
740 1497 800 1557 telo
826 1518 858 1557 co
888 1511 914 1553 us

246 1578 377 1636 exanime
390 1575 491 1636 detulit
502 1579 592 1636 amnis
609 1579 638 1636 in
651 1575 777 1637 hostium
790 1575 867 1659 praesr
887 1575 912 1632 'a

244 1653 290 1715 lbi
306 1655 384 1716 foeda
395 1656 528 1717 laceratio
546 1660 674 1740 corporis
689 1656 912 1738 faeiatnamque,

244 1735 364 1816 praeciso
379 1737 476 1796 medio
488 1782 503 1810 ,
516 1756 626 1818 partem
642 1735 830 1798 Consentiam
847 1733 913 1796 mise·
950 1747 951 1754 ’

243 1833 276 1874 re
292 1837 304 1889 3
319 1837 383 1896 pars
397 1815 464 1898 ipfis
483 1834 594 1880 retenta
612 1818 648 1879 ad
667 1818 845 1882 ludibrium:
861 1833 910 1898 qua

245 1915 334 1976 quum
353 1894 452 1976 jaculis
469 1894 594 1979 saxisque
611 1900 712 1980 procul
728 1897 911 1965 incesseretur,
949 1919 950 1976 3

214 2002 218 2009 ¹
239 1976 349 2035 ‘mulier
371 1997 448 2051 una,
467 1977 541 2037 ultra
559 1979 745 2039 humanarum
767 1980 867 2038 irarum
886 1972 910 2032 fi·

246 2056 314 2115 dem
328 2055 455 2118 saevienti
464 2058 554 2117 turbae
570 2061 712 2131 immixta,
723 2076 756 2119 ut
773 2074 909 2140 parumper

244 2134 411 2197 sustinerent
427 2155 540 2218 precata
558 2140 660 2213 „llens
681 2142 738 2214 ait,
760 2142 854 2200 virum
870 2135 911 2195 fibi
948 2155 949 2158 ¹

245 2216 409 2300 liberosque
435 2237 534 2299 captos
553 2220 628 2301 apud
646 2218 742 2279 hostes
764 2218 818 2280 elle
835 2242 843 2280 ε
861 2215 911 2298 spe·

240 2315 327 2372 aare,
345 2320 467 2380 corpore
483 2300 564 2382 regio
579 2316 734 2382 utcumque
751 2301 871 2359 mulcato
888 2292 910 2353 se

241 2376 311 2439 suos
321 2380 541 2461 redempturam.
552 2377 580 2437 ls
597 2379 662 2445 finis
677 2381 839 2440 lacerationi
850 2377 909 2447 suir;

240 2456 442 2594 'sepultumque
451 2458 630 2532 Consentia,
641 2462 720 2554 quod
730 2461 909 2521 membronrn

244 2557 275 2596 re
287 2539 386 2618 iquum
409 2539 482 2614 fuit,
500 2540 567 2600 curi
588 2542 714 2601 mulieris
734 2545 837 2615 unius;
852 2534 908 2597 ossa-

241 2649 244 2655 ·
288 2637 303 2675 e
323 2617 525 2700 Metapontum
544 2620 579 2680 ad
600 2619 694 2680 hostes
713 2619 839 2693 remilla,
852 2615 907 2677 inde

241 2638 364 2777 ⁸{llirum
385 2699 503 2765 deve&
523 2700 559 2760 ad
577 2697 762 2781 Cleopatram
783 2715 909 2765 uxorem,

244 2775 429 2859 sororemque
449 2778 680 2862 Olympiadem,
697 2801 814 2865 quarum
832 2793 908 2839 maie?

241 2855 345 2946 'Magni
360 2858 520 2924 Alexandri
537 2862 645 2940 altera,
660 2860 741 2929 soror
758 2862 843 2928 altera
855 2856 907 2924 suit·
