1950 3617
129 213 235 291 ic
331 172 418 281 ‘rt
467 214 696 282 nrm

77 343 176 391 &m
185 321 320 408 proelium
332 323 468 400 restituit,
484 326 628 389 ostentans
642 327 814 390 vincentem
827 325 903 380 c&

78 411 175 467 Uenni
186 422 275 467 teram
289 408 390 467 aciem.
410 407 474 469 Jam
497 408 630 468 inclinata
647 429 692 467 res
711 421 796 476 erat,
824 398 894 459 sed
908 445 910 450 s

78 462 268 548 ⁸³¹⁶·³⁸³·turba
290 486 414 549 bostium
432 489 465 550 δι
488 488 556 571 fuga
577 487 816 570 impediebatur,
844 482 893 543 &

186 567 273 627 loni
298 568 377 629 caede
401 563 582 630 conficienda
607 566 761 630 multitudo
792 579 895 624 tanta

184 635 213 710 fe
237 671 255 709 o
273 650 357 710 militi
375 667 434 710 erat
445 672 454 724 3
465 672 555 732 quum
572 651 689 731 repente
704 644 889 729 ingentibus

186 730 321 810 procellis
336 728 413 790 fusus
429 731 521 791 imber
538 749 645 791 certam
665 731 755 810 tnagis
774 724 893 786 viclo-

186 811 278 884 riam,
292 810 378 891 quint
390 813 544 893 proelium,
555 811 677 874 diremit.
687 808 777 891 Signo
789 806 889 866 dein-

186 889 224 952 de
248 893 376 973 receptui
400 892 492 966 dato,
515 913 574 952 nox
599 890 743 962 insecuta,
764 888 886 970 quietis

187 969 344 1045 Romanis,
363 972 486 1053 perfecit
505 972 624 1033 bellurn.
635 972 728 1034 Latini
744 989 887 1050 namque

187 1052 221 1114 &
239 1052 379 1126 Hernici,
395 1054 499 1114 reliffis
515 1052 653 1126 Volscis,
672 1052 777 1112 domos
798 1072 883 1130 pro-
900 1123 903 1128 ⁴

88 1168 102 1181 ·-
187 1130 253 1192 secli
265 1131 343 1207 sunt,
354 1134 434 1194 malis
444 1132 567 1206 confiliis
578 1155 660 1215 pares
671 1133 768 1213 adepti
781 1151 884 1190 even-

93 1227 99 1240 *
186 1230 242 1274 tus.
259 1212 377 1286 Volsci,
394 1215 443 1274 ubi
459 1213 487 1272 se
506 1213 631 1273 desertos
647 1213 682 1272 ab
695 1209 880 1285 eis-ridere,

188 1314 312 1375 quotum
333 1292 438 1353 fiducie
453 1294 677 1368 rebellaverant,
692 1292 797 1353 reliclis
814 1291 881 1353 cas-

187 1376 256 1445 tris,
274 1374 417 1433 tnoenibns
433 1372 533 1433 Satrici
550 1371 578 1433 se
598 1374 772 1434 includunt:
795 1395 878 1455 quos

187 1457 282 1537 prirnb
300 1452 440 1515 Camillus
456 1454 535 1515 vallo
554 1456 749 1529 circumdare,
769 1456 804 1515 &
820 1475 879 1536 ag-

188 1555 256 1618 gere
277 1552 361 1617 atque
381 1556 400 1594 o
422 1535 517 1595 eribus
536 1557 555 1595 o
577 1555 703 1617 pugnare
721 1534 762 1595 est
785 1534 878 1596 ador·

188 1632 244 1676 tus.
260 1614 337 1693 Quae
350 1557 501 1697 pollquarn
518 1558 596 1676 nulli
610 1618 760 1699 eruptione
777 1616 818 1675 im
842 1638 876 1678 e-

188 1695 243 1755 diti
253 1696 335 1756 videt
345 1740 355 1768 ‚
366 1699 459 1755 minus
475 1694 530 1756 esse
541 1699 628 1757 animi
641 1715 715 1758 ratus
725 1698 755 1755 in
766 1639 873 1773 holle,

189 1776 276 1858 quiin
295 1794 326 1836 ut
345 1779 374 1836 in
397 1798 433 1836 eo
453 1795 513 1836 tatn
534 1777 617 1838 lentae
638 1775 697 1858 spei
719 1775 872 1839 viclotiatn

188 1855 362 1937 exspeclaret
380 1879 389 1930 3
409 1857 573 1918 cohortatus
591 1859 713 1930 milites,
736 1878 773 1918 ne
795 1875 872 1919 tant-

187 1958 274 2019 quam
285 1937 376 1998 Veios
388 1956 585 2020 oppugnantes
602 1940 632 1997 in
651 1958 740 2021 opere
758 1939 871 2021 longin-

188 2039 248 2098 quo
273 2017 330 2080 sese
352 2036 501 2092 tererent,
524 2021 666 2080 {Quonam
692 2022 723 2080 in
745 2021 871 2082 wihus

189 2094 260 2174 effu
271 2100 388 2181 ingenti·
398 2099 523 2164 rnilitum
536 2100 679 2160 alacritate
696 2101 802 2160 ruoenia
811 2122 868 2161 un-

189 2178 276 2261 dique
287 2199 322 2261 ag
342 2178 444 2253 tellus,
454 2177 533 2240 scalis
548 2180 689 2261 oppidum
702 2182 787 2263 cepit.
796 2179 868 2243 Vol·

166 2283 168 2292 r
188 2258 226 2320 sci
243 2259 306 2340 abje
335 2264 358 2320 is
376 2262 460 2321 arinis
474 2259 532 2321 sese
551 2261 731 2321 dediderunt.

230 2340 282 2401 IX.
303 2339 441 2402 Ceterum
459 2344 569 2401 animus
588 2341 667 2402 ducis
684 2343 727 2400 rei
743 2337 841 2421 majori
853 2369 874 2418 ‚-

188 2418 280 2482 Antio
298 2467 307 2494 ‚
327 2421 494 2481 imminebat
510 2444 516 2481 :
531 2423 569 2482 Id
589 2440 672 2502 caput
690 2421 862 2562 Vogcomſtr

191 2525 249 2561 eam
259 2499 343 2580 fut'ffe
361 2505 487 2582 originem
500 2504 622 2583 proximi
639 2504 712 2564 belli.
751 2503 786 2562 ed
800 2506 863 2585 quia

189 2581 242 2640 nist
262 2604 366 2664 magno
382 2599 534 2662 apparatu,
554 2586 703 2644 tormentis
723 2584 870 2645 nuchiniss

190 2682 269 2742 que,
290 2680 348 2724 tarn
362 2662 458 2724 valida
478 2663 545 2724 urbs
567 2667 629 2746 capi
650 2686 711 2724 non
728 2682 833 2745 poterat
850 2689 859 2737 ;

187 2742 288 2802 reliilo
308 2744 343 2801 ad
361 2746 519 2806 exercitum
539 2745 666 2828 collegi,
687 2744 807 2805 Rornatn
822 2744 867 2806 est·

187 2822 331 2904 profectus
339 2865 349 2902 ,
364 2842 396 2888 ut
408 2823 537 2902 feneum
550 2827 587 2891 ad
604 2824 794 2906 excidendum
802 2825 864 2903 An,
